
@article{block_robert_1980,
	title = {On {Robert} {Nozick}'s ‘{On} {Austrian} methodology’},
	volume = {23},
	url = {https://doi.org/10.1080/00201748008601918},
	doi = {10.1080/00201748008601918},
	number = {4},
	urldate = {2021-12-20},
	journal = {Inquiry},
	author = {Block, Walter E.},
	year = {1980},
	note = {Publisher: Routledge},
	pages = {397--444},
}

@article{block_rejoinder_2009,
	title = {Rejoinder to {Hoppe} on {Indifference}},
	volume = {12},
	url = {http://mises.org/journals/qjae/pdf/qjae12_1_4.pdf},
	number = {1},
	urldate = {2022-09-15},
	journal = {The Quarterly Journal of Austrian Economics},
	author = {Block, Walter E.},
	year = {2009},
	pages = {52--59},
}

@article{block_rejoinder_2010,
	title = {Rejoinder to {Hoppe} on indifference, once again},
	volume = {32},
	url = {http://reasonpapers.com/pdf/32/rp_32_9.pdf},
	urldate = {2022-09-15},
	journal = {Reason Papers},
	author = {Block, Walter E. and Barnett II, William},
	year = {2010},
	note = {Publisher: Reason Papers},
	pages = {141--154},
}

@article{hoppe_must_2005,
	title = {Must {Austrians} embrace indifference?},
	volume = {8},
	url = {https://mises.org/library/must-austrians-embrace-indifference},
	number = {4},
	urldate = {2022-09-15},
	journal = {Quarterly Journal of Austrian Economics},
	author = {Hoppe, Hans-Hermann},
	year = {2005},
	pages = {87--91},
}

@article{machaj_praxeological_2007,
	title = {A praxeological case for homogeneity and indifference},
	volume = {3},
	number = {2},
	journal = {New Perspectives on Political Economy},
	author = {Machaj, Mateusz},
	year = {2007},
	pages = {231--238},
}

@article{nozick_austrian_1977,
	title = {On {Austrian} {Methodology}},
	volume = {36},
	url = {https://doi.org/10.1007/BF00486025},
	doi = {10.1007/bf00486025},
	number = {3},
	urldate = {2021-12-20},
	journal = {Synthese},
	author = {Nozick, Robert},
	year = {1977},
	note = {Publisher: Springer},
	pages = {353--392},
}

@book{rothbard_man_2009,
	address = {Auburn AL},
	edition = {2},
	title = {Man, {Economy}, and {State}: {A} {Treatise} on {Economic} {Principles}; with {Power} and {Market}: {Government} and the {Economy}},
	shorttitle = {Man, {Economy}, and {State}},
	publisher = {Ludwig von Mises Institute},
	author = {Rothbard, Murray N.},
	year = {2009},
}

@book{searle_minds_1984,
	address = {Cambridge, MA},
	series = {Reith {Lectures}},
	title = {Minds, {Brains} and {Science}},
	number = {1984},
	publisher = {Harvard Univ. Press},
	author = {Searle, John R.},
	year = {1984},
}

@article{wysocki_problem_2021,
	title = {The problem of indifference and homogeneity in {Austrian} economics: {Nozick}’s challenge revisited},
	shorttitle = {The problem of indifference and homogeneity in {Austrian} economics},
	url = {https://zfn.edu.pl/index.php/zfn/article/view/554},
	number = {71},
	urldate = {2022-01-24},
	journal = {Philosophical Problems in Science (Zagadnienia Filozoficzne w Nauce)},
	author = {Wysocki, Igor},
	year = {2021},
	note = {Section: Articles},
	pages = {9--44},
}

@article{hoppe_further_2009,
	title = {Further {Notes} on {Preference} and {Indifference}: {Rejoinder} to {Block}},
	volume = {12},
	url = {https://cdn.mises.org/qjae12_1_5.pdf},
	number = {1},
	urldate = {2022-09-15},
	journal = {The Quarterly Journal of Austrian Economics},
	author = {Hoppe, Hans-Hermann},
	year = {2009},
	pages = {60--64},
}

@book{mises_human_1998,
	address = {Auburn AL},
	edition = {Scholar's ed.},
	title = {Human {Action}: {A} {Treatise} on {Economics}},
	shorttitle = {Human {Action}},
	publisher = {Ludwig von Mises Institute},
	author = {Mises, Ludwig von},
	year = {1998},
	note = {OCLC: ocm40712873},
}

@article{wysocki_indifference_2016,
	title = {Indifference – in defense of orthodoxy},
	url = {https://apcz.umk.pl/SeI/article/view/SEI.2016.002},
	doi = {10.12775/SEI.2016.002},
	number = {5},
	urldate = {2023-01-09},
	journal = {Societas et Ius},
	author = {Wysocki, Igor},
	year = {2016},
	note = {Number: 5},
	pages = {15--30},
}

@article{wysocki_note_2017,
	title = {A {Note} on {Block}-{Hoppe} {Debate} on {Indifference}},
	volume = {20},
	url = {https://mises.org/library/note-block-hoppe-debate-indifference},
	number = {4},
	urldate = {2023-01-09},
	journal = {The Quarterly Journal of Austrian Economics},
	author = {Wysocki, Igor},
	year = {2017},
	pages = {360--365},
}

@article{caplan_austrian_1999,
	title = {The {Austrian} {Search} for {Realistic} {Foundations}},
	volume = {65},
	url = {https://www.jstor.org/stable/1061278},
	doi = {10.2307/1061278},
	number = {4},
	urldate = {2024-04-16},
	journal = {Southern Economic Journal},
	author = {Caplan, Bryan},
	year = {1999},
	note = {Publisher: Southern Economic Association},
	pages = {823--838},
}

@article{herbener_pareto_1997,
	title = {The {Pareto} {Rule} and {Welfare} {Economics}},
	volume = {10},
	url = {https://doi.org/10.1007/BF02538144},
	doi = {10.1007/BF02538144},
	number = {1},
	urldate = {2024-04-16},
	journal = {The Review of Austrian Economics},
	author = {Herbener, Jeffrey M.},
	year = {1997},
	pages = {79--106},
}

@article{kvasnicka_rothbards_2008,
	title = {Rothbard's {Welfare} {Theory}: {A} {Critique}},
	volume = {4},
	shorttitle = {Rothbard's {Welfare} {Theory}},
	number = {1},
	journal = {New Perspectives on Political Economy},
	author = {Kvasnička, Michal},
	year = {2008},
	pages = {41--52},
}

@incollection{rothbard_power_2009,
	address = {Auburn AL},
	edition = {2},
	title = {Power and the {Market}},
	booktitle = {Man, {Economy}, and {State}: {A} {Treatise} on {Economic} {Principles}; with {Power} and {Market}: {Government} and the {Economy}},
	publisher = {Ludwig von Mises Institute},
	author = {Rothbard, Murray},
	year = {2009},
	pages = {1047--1369},
}

@book{hoppe_theory_1989,
	address = {Boston},
	series = {The {Ludwig} von {Mises} {Institute}'s studies in {Austrian} economics},
	title = {A {Theory} of {Socialism} and {Capitalism}: {Economics}, {Politics}, and {Ethics}},
	shorttitle = {A {Theory} of {Socialism} and {Capitalism}},
	publisher = {Kluwer Academic Publishers},
	author = {Hoppe, Hans-Hermann},
	year = {1989},
}

@incollection{rothbard_toward_2011,
	address = {Auburn, AL},
	series = {Economists of the twentieth century},
	title = {Toward a {Reconstruction} of {Utility} and {Welfare} {Economics}},
	url = {https://mises.org/library/toward-reconstruction-utility-and-welfare-economics-1},
	booktitle = {The {Logic} of {Action}: {I}. {Method}, {Money}, and the {Austrian} {School}},
	publisher = {Ludwig von Mises Institute},
	author = {Rothbard, Murray},
	year = {2011},
	pages = {289--333},
}

@incollection{anderson_coercion_2021,
	address = {Stanford, CA},
	edition = {Summer 2021},
	title = {Coercion},
	url = {https://plato.stanford.edu/archives/sum2021/entries/coercion/},
	booktitle = {The {Stanford} {Encyclopedia} of {Philosophy}},
	publisher = {Metaphysics Research Lab, Stanford University},
	author = {Anderson, Scott},
	editor = {Zalta, Edward N. and Nodelman, Uri},
	year = {2021},
}

@article{block_private-property_2000,
	title = {Private-property rights, erroneous interpretations, morality, and economics: {Reply} to demsetz},
	volume = {3},
	shorttitle = {Private-property rights, erroneous interpretations, morality, and economics},
	url = {https://doi.org/10.1007/s12113-000-1014-4},
	doi = {10.1007/s12113-000-1014-4},
	number = {1},
	urldate = {2024-09-20},
	journal = {The Quarterly Journal of Austrian Economics},
	author = {Block, Walter E.},
	year = {2000},
	pages = {63--78},
}

@article{block_austrian_1999,
	title = {Austrian theorizing: {Recalling} the foundations},
	volume = {2},
	shorttitle = {Austrian theorizing},
	url = {https://doi.org/10.1007/s12113-999-1029-4},
	doi = {10.1007/s12113-999-1029-4},
	number = {4},
	urldate = {2024-09-20},
	journal = {The Quarterly Journal of Austrian Economics},
	author = {Block, Walter E.},
	year = {1999},
	pages = {21--39},
}

@article{block_ethics_1995,
	title = {Ethics, efficiency, {Coasian} property rights, and psychic income: {A} reply to {Demsetz}},
	volume = {8},
	shorttitle = {Ethics, efficiency, {Coasian} property rights, and psychic income},
	url = {https://doi.org/10.1007/BF01102292},
	doi = {10.1007/BF01102292},
	number = {2},
	urldate = {2024-09-20},
	journal = {The Review of Austrian Economics},
	author = {Block, Walter E.},
	year = {1995},
	pages = {61--125},
}

@article{block_public_1983,
	title = {Public {Goods} and {Externalities}: {The} {Case} of {Roads}},
	volume = {7},
	number = {1},
	journal = {Journal of Libertarian Studies},
	author = {Block, Walter E.},
	year = {1983},
	note = {Publisher: Ludwig von Mises Institute},
	pages = {1--34},
}

@article{block_value_2005,
	title = {Value {Freedom}, {Laissez} {Faire}, {Mises}, and {Rothbard}: {A} {Comment} on {Professor} {Gunning}},
	volume = {64},
	shorttitle = {Value {Freedom}, {Laissez} {Faire}, {Mises}, and {Rothbard}},
	url = {https://onlinelibrary.wiley.com/doi/10.1111/j.1536-7150.2005.00398.x},
	doi = {10.1111/j.1536-7150.2005.00398.x},
	number = {3},
	urldate = {2024-09-20},
	journal = {The American Journal of Economics and Sociology},
	author = {Block, Walter E.},
	year = {2005},
	pages = {919--938},
}

@article{block_blackmail_1985,
	title = {Blackmail, {Extortion} and {Free} {Speech}: {A} {Reply} to {Posner}, {Epstein}, {Nozick} and {Lindgren}},
	volume = {19},
	number = {37},
	journal = {Loyola of Los Angeles Law Review},
	author = {Block, Walter and Gordon, David},
	year = {1985},
	pages = {37--54},
}

@article{hayek_use_1945,
	title = {The {Use} of {Knowledge} in {Society}},
	volume = {35},
	url = {https://www.kysq.org/docs/Hayek_45.pdf},
	number = {4},
	urldate = {2024-09-20},
	journal = {The American Economic Review},
	author = {Hayek, F. A. von},
	year = {1945},
	pages = {519--530},
}

@article{prychitko_formalism_1993,
	title = {Formalism in {Austrian}‐school welfare economics: {Another} pretense of knowledge?},
	volume = {7},
	shorttitle = {Formalism in {Austrian}‐school welfare economics},
	url = {http://www.tandfonline.com/doi/abs/10.1080/08913819308443319},
	doi = {10.1080/08913819308443319},
	number = {4},
	urldate = {2024-09-20},
	journal = {Critical Review},
	author = {Prychitko, David L.},
	year = {1993},
	pages = {567--592},
}

@book{wysocki_austro-libertarian_2021,
	address = {Toruń},
	title = {An {Austro}-{Libertarian} {Theory} of {Voluntariness}: {A} {Critique}},
	shorttitle = {An {Austro}-{Libertarian} {Theory} of {Voluntariness}},
	publisher = {Uniwersytet Mikołaja Kopernika w Toruniu. Wydawnictwo Wydziału Nauk o Polityce i Bezpieczeństwie},
	author = {Wysocki, Igor},
	year = {2021},
}

@article{wysocki_rothbards_2019,
	title = {Rothbard’s {Welfare} {Theory}: {Some} {Support}},
	volume = {15},
	shorttitle = {Rothbard’s {Welfare} {Theory}},
	url = {https://nppe.eu/journal/article/view/112},
	doi = {10.62374/jbdvra16},
	number = {1-2},
	urldate = {2024-09-20},
	journal = {New Perspectives on Political Economy},
	author = {Wysocki, Igor and Block, Walter E. and Dominiak, Łukasz},
	year = {2019},
	pages = {18--35},
}

@book{wisniewski_economics_2018,
	address = {Abingdon, Oxon},
	series = {Routledge advances in heterodox economics},
	title = {The {Economics} of {Law}, {Order}, and {Action}: {The} {Logic} of {Public} {Goods}},
	shorttitle = {The {Economics} of {Law}, {Order}, and {Action}},
	publisher = {Routledge},
	author = {Wiśniewski, Jakub},
	year = {2018},
}

@article{wisniewski_methodology_2014,
	title = {The methodology of the {Austrian} school of economics: {The} present state of knowledge},
	shorttitle = {The methodology of the {Austrian} school of economics},
	url = {https://repozytorium.uni.wroc.pl/dlibra/publication/101598/edition/96350},
	urldate = {2024-09-20},
	author = {Wiśniewski, Jakub Bożydar},
	year = {2014},
	note = {Publisher: Wydawnictwo Uniwersytetu Wrocławskiego},
}

@book{mises_socialism_1962,
	address = {New Haven},
	title = {Socialism: {An} {Economic} and {Sociological} {Analysis}},
	url = {https://cdn.mises.org/Socialism%20An%20Economic%20and%20Sociological%20Analysis_3.pdf},
	urldate = {2024-09-20},
	publisher = {Yale University Press},
	author = {Mises, Ludwig von},
	translator = {Kahane, J.},
	year = {1962},
}

@article{megger_coercion_2023,
	title = {Coercion, voluntary exchange, and the {Austrian} {School} of {Economics}},
	volume = {201},
	url = {https://link.springer.com/10.1007/s11229-022-04005-1},
	doi = {10.1007/s11229-022-04005-1},
	number = {1},
	urldate = {2024-09-20},
	journal = {Synthese},
	author = {Megger, Dawid and Wysocki, Igor},
	year = {2023},
	pages = {8},
}

@incollection{hausman_realism_2008,
	address = {New York},
	edition = {3},
	title = {Realism},
	booktitle = {The {Philosophy} of {Economics}: {An} {Anthology}},
	publisher = {Cambridge University Press},
	author = {Mäki, Uskali},
	editor = {Hausman, Daniel M.},
	year = {2008},
	pages = {431--438},
}

@incollection{coyne_austrian_2015,
	title = {Austrian {Methodology}: {A} {Review} and {Synthesis}},
	shorttitle = {Austrian {Methodology}},
	url = {https://academic.oup.com/edited-volume/38159/chapter/332971009},
	urldate = {2024-09-20},
	booktitle = {The {Oxford} {Handbook} of {Austrian} {Economics}},
	publisher = {Oxford University Press},
	author = {Martin, Adam},
	editor = {Coyne, Christopher J. and Boettke, Peter},
	collaborator = {Martin, Adam},
	year = {2015},
	doi = {10.1093/oxfordhb/9780199811762.013.2},
	pages = {12--42},
}

@article{machaj_murray_2014,
	title = {Murray {Rothbard}, najważniejszy austriacki ekonomista?},
	volume = {20},
	url = {https://wuwr.pl/ekon/article/view/8383},
	number = {2},
	urldate = {2024-09-20},
	journal = {Ekonomia},
	author = {Machaj, Mateusz},
	year = {2014},
	note = {Number: 2},
	pages = {9--22},
}

@misc{long_wittgenstein_2008,
	title = {Wittgenstein, {Austrian} {Economics}, and the {Logic} of {Action}: {Praxeological} {Investigations}},
	url = {http://praxeology.net/wiggy-draft.pdf},
	urldate = {2024-09-20},
	publisher = {Auburn University},
	author = {Long, Roderick T},
	year = {2008},
}

@article{hoppe_note_2005,
	title = {A {Note} on {Preference} and {Indifference} in {Economic} {Analysis}},
	volume = {8},
	url = {https://cdn.mises.org/qjae8_4_6.pdf},
	number = {4},
	urldate = {2024-09-20},
	journal = {Quarterly Journal of Austrian Economics,},
	author = {Hoppe, Hans-Hermann},
	year = {2005},
	pages = {87--91},
}

@book{hoppe_economics_2006,
	address = {Auburn AL},
	edition = {2},
	title = {The {Economics} and {Ethics} of {Private} {Property}},
	publisher = {Ludwig von Mises Institute},
	author = {Hoppe, Hans-Hermann},
	year = {2006},
}

@article{herbener_defense_2008,
	title = {In {Defense} of {Rothbardian} {Welfare} {Economics}},
	volume = {04},
	url = {https://nppe.eu/journal/article/view/53},
	doi = {10.62374/z18cxq72},
	number = {1},
	urldate = {2024-09-20},
	journal = {New Perspectives on Political Economy},
	author = {Herbener, Jeffrey M.},
	year = {2008},
	pages = {53--78},
}

@book{hausman_economic_2006,
	address = {Cambridge},
	edition = {2},
	title = {Economic {Analysis}, {Moral} {Philosophy} and {Public} {Policy}},
	url = {https://www.cambridge.org/core/product/identifier/9780511754289/type/book},
	urldate = {2024-09-20},
	publisher = {Cambridge University Press},
	author = {Hausman, Daniel M. and McPherson, Michael S.},
	year = {2006},
	doi = {10.1017/CBO9780511754289},
}

@book{lachmann_legacy_1971,
	address = {Berkeley},
	title = {The {Legacy} of {Max} {Weber}},
	publisher = {The Glendessary Press},
	author = {Lachmann, Ludwig},
	year = {1971},
}

@incollection{kirzner_value-freedom_1994,
	title = {Value-freedom},
	url = {https://ideas.repec.org//h/elg/eechap/53_45.html},
	urldate = {2024-09-20},
	booktitle = {The {Elgar} {Companion} to {Austrian} {Economics}},
	publisher = {Edward Elgard Publishing},
	author = {Kirzner, Israel M.},
	editor = {Boettke, Peter},
	year = {1994},
	note = {Publisher: Edward Elgar Publishing},
	pages = {313--319},
}

@book{kirzner_competition_1973,
	address = {Chicago, IL},
	title = {Competition and {Entrepreneurship}},
	url = {https://press.uchicago.edu/ucp/books/book/chicago/C/bo27304815.html},
	urldate = {2024-09-20},
	publisher = {University of Chicago Press},
	author = {Kirzner, Israel M.},
	year = {1973},
}

@article{hulsmann_priori_2004,
	title = {The a priori foundations of property economics},
	volume = {7},
	url = {https://doi.org/10.1007/s12113-004-1003-0},
	doi = {10.1007/s12113-004-1003-0},
	number = {4},
	urldate = {2024-09-20},
	journal = {The Quarterly Journal of Austrian Economics},
	author = {Hülsmann, Jörg Guido},
	year = {2004},
	pages = {41--68},
}

@article{high_is_1985,
	title = {Is {Economics} {Independent} of {Ethics}?},
	volume = {10},
	url = {https://reasonpapers.com/pdf/10/rp_10_1.pdf},
	urldate = {2024-09-20},
	journal = {Reason Papers},
	author = {High, Jack},
	year = {1985},
	pages = {3--16},
}

@misc{gordon_misunderstanding_2022,
	title = {Misunderstanding {Demonstrated} {Preference}},
	url = {https://mises.org/friday-philosophy/misunderstanding-demonstrated-preference},
	urldate = {2024-09-20},
	journal = {Mises Institute},
	author = {Gordon, David},
	year = {2022},
}

@book{hayek_counter-revolution_1952,
	address = {Glencoe},
	title = {The {Counter}-{Revolution} of {Science}},
	publisher = {Free Press},
	author = {Hayek, F. A. von},
	year = {1952},
}

@misc{crovelli_trouble_2006,
	title = {The {Trouble} {With} {Axelrod}: {The} {Prisoners}' {Utility} {Cannot} be {Measured} or {Compared}},
	shorttitle = {The {Trouble} {With} {Axelrod}},
	url = {https://mises.org/mises-daily/trouble-axelrod-prisoners-utility-cannot-be-measured-or-compared},
	urldate = {2024-09-20},
	journal = {Mises Institute},
	author = {Crovelli, Mark R.},
	year = {2006},
}

@incollection{rothbard_praxeology_2011,
	address = {Auburn, AL},
	series = {Economists of the twentieth century},
	title = {Praxeology, {Value} {Judgments}, and {Public} {Policy}},
	url = {https://mises.org/library/toward-reconstruction-utility-and-welfare-economics-1},
	booktitle = {The {Logic} of {Action}: {I}. {Method}, {Money}, and the {Austrian} {School}},
	publisher = {Ludwig von Mises Institute},
	author = {Rothbard, Murray},
	year = {2011},
	pages = {81--101},
}

@incollection{rothbard_present_2011,
	address = {Auburn, AL},
	series = {Economists of the twentieth century},
	title = {The {Present} {State} of {Austrian} {Economics}},
	url = {https://mises.org/library/toward-reconstruction-utility-and-welfare-economics-1},
	booktitle = {The {Logic} of {Action}: {I}. {Method}, {Money}, and the {Austrian} {School}},
	publisher = {Ludwig von Mises Institute},
	author = {Rothbard, Murray},
	year = {2011},
	pages = {161--223},
}

@book{mises_theory_2007,
	address = {Auburn AL},
	title = {Theory and {History}: {An} {Interpretation} of {Social} and {Economic} {Evolution}},
	shorttitle = {Theory and {History}},
	publisher = {Ludwig von Mises Institute},
	author = {Mises, Ludwig von},
	year = {2007},
}

@book{cordato_welfare_1992,
	address = {Boston, MA},
	title = {Welfare {Economics} and {Externalities} {In} {An} {Open} {Ended} {Universe}: {A} {Modern} {Austrian} {Perspective}},
	shorttitle = {Welfare {Economics} and {Externalities} {In} {An} {Open} {Ended} {Universe}},
	url = {http://link.springer.com/10.1007/978-1-4757-2145-4},
	urldate = {2024-10-04},
	publisher = {Kluwer Academic Publishers},
	author = {Cordato, Roy E.},
	year = {1992},
	doi = {10.1007/978-1-4757-2145-4},
}
