@article{lachmann-ha,
  title={The Science of Human Action},
  author={Lachmann, Ludwig},
  journal={Economica},
  volume={18},
  number={72},
  pages={412--427},
  year={1951}
}

@inbook{grinder-introduction,
  author={Grinder, Walter},
  title={In Pursuit of the Subjective Paradigm},
  booktitle={Capital, Expectations, and the Market Process},
  publisher={New York University Press},
  editor={Grinder, Walter},
  pages={3--24},
  year={1977}
}

@inbook{lachmann-crisis,
  author={Lachmann, Ludwig},
  title={The Significance of the {A}ustrian {S}chool of {E}conomics in the History of Ideas},
  booktitle={Capital, Expectations, and the Market Process},
  publisher={New York University Press},
  editor={Grinder, Walter},
  pages={45--64},
  year={1966}
}

@inbook{lachmann-significance,
  author={Lachmann, Ludwig},
  title={Austrian Economics in the Present Crisis of Economic Thought},
  booktitle={Capital, Expectations, and the Market Process},
  publisher={New York University Press},
  editor={Grinder, Walter},
  pages={25--43},
  year={1976}
}

@inbook{lachmann-shackle-time,
  author={Lachmann, Ludwig},
  title={Professor {S}hackle on the Economic Significance of Time},
  booktitle={Capital, Expectations, and the Market Process},
  publisher={New York University Press},
  editor={Grinder, Walter},
  pages={81--93},
  year={1959}
}

@inbook{lachmann-model,
  author={Lachmann, Ludwig},
  title={Model Constructions and the Market Economy},
  booktitle={Capital, Expectations, and the Market Process},
  publisher={New York University Press},
  editor={Grinder, Walter},
  pages={112--129},
  year={1966}
}

@inbook{lachmann-science,
  author={Lachmann, Ludwig},
  title={Economics as a Social Science},
  booktitle={Capital, Expectations, and the Market Process},
  publisher={New York University Press},
  editor={Grinder, Walter},
  pages={166--180},
  year={1950}
}

@inbook{lachmann-notes,
  author={Lachmann, Ludwig},
  title={Some Notes on Economic Thought, 1933-1953},
  booktitle={Capital, Expectations, and the Market Process},
  publisher={New York University Press},
  editor={Grinder, Walter},
  pages={133--148},
  year={1954}
}

@inbook{lachmann-mises-process,
  author={Lachmann, Ludwig},
  title={Ludwig von {M}ises and the Market Process},
  booktitle={Capital, Expectations, and the Market Process},
  publisher={New York University Press},
  editor={Grinder, Walter},
  pages={181--193},
  year={1971}
}

@inbook{lachmann-hicks,
  author={Lachmann, Ludwig},
  title={Sir {J}ohn {H}icks on Capital and Growth},
  booktitle={Capital, Expectations, and the Market Process},
  publisher={New York University Press},
  editor={Grinder, Walter},
  pages={235--250},
  year={1966}
}

@inbook{lachmann-hicks-neo,
  author={Lachmann, Ludwig},
  title={Sir {J}ohn {H}icks as a {N}eo-{A}ustrian},
  booktitle={Capital, Expectations, and the Market Process},
  publisher={New York University Press},
  editor={Grinder, Walter},
  pages={251--266},
  year={1973}
}

@inbook{lachmann-individualism,
  author={Lachmann, Ludwig},
  title={Methodological Individualism and the Market Economy},
  booktitle={Capital, Expectations, and the Market Process},
  publisher={New York University Press},
  editor={Grinder, Walter},
  pages={149--165},
  year={1969}
}

@inbook{lachmann-causes,
  author={Lachmann, Ludwig},
  title={Causes and Consequences ofthe Inflation of Our Time},
  booktitle={Capital, Expectations, and the Market Process},
  publisher={New York University Press},
  editor={Grinder, Walter},
  pages={289--307},
  year={1967}
}

@inbook{lachmann-market-distribution,
  author={Lachmann, Ludwig},
  title={The Market Economy and the Distribution of Wealth},
  booktitle={Capital, Expectations, and the Market Process},
  publisher={New York University Press},
  editor={Grinder, Walter},
  pages={308--322},
  year={1956}
}

@article{lachmann-kaleidic,
  title={From {M}ises to {S}hackle: an essay on {A}ustrian economics and the kaleidic society},
  author={Lachmann, Ludwig},
  journal={Journal of Economic Literature},
  volume={14},
  number={1},
  pages={54--62},
  year={1976}
}

@book{lachmann1956capital,
  title={Capital and its Structure},
  author={Lachmann, Ludwig},
  year={1956},
  publisher={Ludwig von Mises Institute}
}

@book{lachmann-weber,
  title={The legacy of {M}ax {W}eber},
  author={Lachmann, Ludwig},
  year={1971},
  publisher={Ludwig von Mises Institute}
}

@book{lachmann1973macro,
  title={Macro-economic thinking and the market economy},
  author={Lachmann, Ludwig},
  year={1973},
  publisher={Institute of Economic Affairs}
}

@book{lachmann1986market,
  title={The Market as an Economic Process},
  author={Lachmann, Ludwig},
  year={1986},
  publisher={Wiley-Blackwell}
}

@article{lachmann1962cost,
  title={Cost inflation and economic institutions},
  author={Lachmann, Ludwig},
  journal={South African Journal of Economics},
  volume={30},
  number={3},
  pages={177--186},
  year={1962},
  publisher={Wiley Online Library}
}

@incollection{lavoie-introduction,
  title={Introduction: Expectations and the Meaning of Institutions},
  author={Lavoie, Don},
  booktitle={Expectations and the meaning of institutions: Essays in economics by {L}udwig {M}. {L}achmann},
  editor={Lavoie, Don},
  pages={1--19},
  year={1994},
  publisher={Routledge}
}

@incollection{prychitko-review,
  title={Lachmann's plan, and its lesson: Comment on {L}avoie},
  author={Prychitko, David},
  booktitle={Advances in Austrian Economics},
  volume={4},
  pages={209--217},
  year={1997},
  publisher={Emerald Group Publishing Limited}
}

@incollection{lachmann-role-expectations,
  title={The Role of Expectations in Economics as a Social Science},
  author={Lachmann, Ludwig},
  booktitle={Capital, Expectations, and the Market Process},
  publisher={New York University Press},
  editor={Grinder, Walter},
  pages={65--80},
  year={1943}
}

@incollection{lachmann-expectations,
  title={A note on the elasticisty of expactations},
  author={Lachmann, Ludwig},
  booktitle={Expectations and the meaning of institutions: Essays in economics by {L}udwig {M}. {L}achmann},
  editor={Lavoie, Don},
  pages={119--124},
  year={1940},
  publisher={Routledge}
}

@incollection{lachmann-salvage,
  title={The salvage of ideas: problems of the revival of {A}ustrian economic thought},
  author={Lachmann, Ludwig},
  booktitle={Expectations and the meaning of institutions: Essays in economics by {L}udwig {M}. {L}achmann},
  editor={Lavoie, Don},
  pages={159--178},
  year={1982},
  publisher={Routledge}
}

@incollection{lachmann-keynes,
  title={John {M}aynard {K}eynes: A view from an {A}ustrian window},
  author={Lachmann, Ludwig},
  booktitle={Expectations and the meaning of institutions: Essays in economics by {L}udwig {M}. {L}achmann},
  editor={Lavoie, Don},
  pages={179--191},
  year={1983},
  publisher={Routledge}
}

@incollection{lachmann-hayek,
  title={Reflections on {H}ayekian capital theory},
  author={Lachmann, Ludwig},
  booktitle={Expectations and the meaning of institutions: Essays in economics by {L}udwig {M}. {L}achmann},
  editor={Lavoie, Don},
  pages={193--203},
  year={1975},
  publisher={Routledge}
}

@article{lachmann-menger,
  title={{C}arl {M}enger And The Incomplete Revolution Of Subjectivism},
  author={Lachmann, Ludwig},
  journal={Atlantic Economic Journal},
  pages={57--59},
  year={1978}
}

@incollection{lachmann-hayek-sraffa,
  title={Austrian economics under fire: the {H}ayek-{S}raffa duel in retrospect},
  author={Lachmann, Ludwig},
  booktitle={Expectations and the meaning of institutions: Essays in economics by {L}udwig {M}. {L}achmann},
  editor={Lavoie, Don},
  pages={141--158},
  year={1986},
  publisher={Routledge}
}

@incollection{lachmann-vicissitudes,
  title={Vicissitudes of subjectivism and the dilemma of the theory of choice},
  author={Lachmann, Ludwig},
  booktitle={Expectations and the meaning of institutions: Essays in economics by {L}udwig {M}. {L}achmann},
  editor={Lavoie, Don},
  pages={213--222},
  year={1978},
  publisher={Routledge}
}

@incollection{lachmann-shackle-place,
  title={{G.L.S. Shackle}'s Place in the History of Subjectivist Thought},
  author={Lachmann, Ludwig},
  booktitle={Unknowledge and Choice in Economics},
  editor={Frowen, Stephen},
  pages={1--8},
  year={1990},
  publisher={Palgrave Macmillan}
}

@incollection{lachmann-legislation,
  title={The Flow Of Legislation And The Permanence Of The Legal Order},
  author={Lachmann, Ludwig},
  booktitle={Expectations and the meaning of institutions: Essays in economics by {L}udwig {M}. {L}achmann},
  editor={Lavoie, Don},
  pages={243--254},
  year={1979},
  publisher={Routledge}
}

@incollection{lachmann-monetary,
  title={The monetary system of a market economy},
  author={Lachmann, Ludwig},
  booktitle={Expectations and the meaning of institutions: Essays in economics by {L}udwig {M}. {L}achmann},
  editor={Lavoie, Don},
  pages={255--262},
  year={1986},
  publisher={Routledge}
}

@incollection{lachmann-speculative-markets,
  title={Speculative markets and economic complexity},
  author={Lachmann, Ludwig},
  booktitle={Expectations and the meaning of institutions: Essays in economics by {L}udwig {M}. {L}achmann},
  editor={Lavoie, Don},
  pages={243--254},
  year={1988},
  publisher={Routledge}
}

@incollection{lachmann-hermeneutic,
  title={Austrian economics: a hermeneutic approach},
  author={Lachmann, Ludwig},
  booktitle={Expectations and the meaning of institutions: Essays in economics by {L}udwig {M}. {L}achmann},
  editor={Lavoie, Don},
  pages={269--283},
  year={1991},
  publisher={Routledge}
}

@book{lavoie2005expectations,
  title={Expectations and the meaning of institutions: Essays in economics by {L}udwig {M}. {L}achmann},
  editor={Lavoie, Don},
  year={1994},
  publisher={Routledge}
}

@book{kirzner1986subjectivism,
  title={Subjectivism, intelligibility and economic understanding: essays in honor of {L}udwig {M}. {L}achmann on his eightieth birthday},
  author={Kirzner, Israel},
  year={1986},
  publisher={New York University Press}
}

@book{gloria2002evolution,
  title={Evolution of {A}ustrian Economics: From {M}enger to {L}achmann},
  author={Gloria-Palermo, Sandye},
  year={2002},
  publisher={Routledge}
}

@article{lewis2008solving,
  title={Solving the ``{L}achmann problem'': Orientation, individualism, and the causal explanation of socioeconomic order},
  author={Lewis, Paul},
  journal={American Journal of Economics and Sociology},
  volume={67},
  number={5},
  pages={827--857},
  year={2008},
  publisher={Wiley Online Library}
}

@article{lewis2011far,
  title={Far from a nihilistic crowd: The theoretical contribution of radical subjectivist {A}ustrian economics},
  author={Lewis, Paul},
  journal={The Review of Austrian Economics},
  volume={24},
  number={2},
  pages={185--198},
  year={2011},
  publisher={Springer}
}

@article{gloria2019methodological,
  title={From methodological individualism to complexity: The case of {L}udwig {L}achmann},
  author={Gloria, Sandye},
  journal={Review of Political Economy},
  volume={31},
  number={2},
  pages={216--232},
  year={2019},
  publisher={Taylor \& Francis}
}

@incollection{parsons,
  title={Mises and {L}achmann on human action},
  author={Parsons, Stephen},
  editor={Koppl, Roger and Mongiovi, Gary},
  booktitle={Subjectivism and Economic Analysis: Essays in Memory of {L}udwig {M}. {L}achmann},
  pages={31--60},
  year={1998},
  publisher={Routledge}
}

@incollection{koppl,
  title={Lachmann on the subjectivism of active minds},
  author={Koppl, Roger},
  editor={Koppl, Roger and Mongiovi, Gary},
  booktitle={Subjectivism and Economic Analysis: Essays in Memory of {Ludwig M. Lachmann}},
  pages={61--79},
  year={1998},
  publisher={Routledge}
}

@article{barbieri2021lachmann,
  title={Lachmann's transformation},
  author={Barbieri, Fabio},
  journal={The Review of Austrian Economics},
  pages={1--23},
  year={2021},
  publisher={Springer}
}

@article{foss2007institutions,
  title={Institutions as knowledge capital: {L}udwig {M}. {L}achmann's interpretative institutionalism},
  author={Foss, Nicolai and Garzarelli, Giampaolo},
  journal={Cambridge Journal of Economics},
  volume={31},
  number={5},
  pages={789--804},
  year={2007},
  publisher={Oxford University Press}
}

@inproceedings{torr2019lachmann,
  title={Lachmann, {K}eynes, and Subjectivism},
  author={Torr, Christopher},
  booktitle={Including a Symposium on Ludwig Lachmann},
  series={Research in the History of Economic Thought and Methodology},
  volume={37B},
  pages={69--81},
  year={2019},
  organization={Emerald Publishing Limited}
}

@book{vaughn1998austrian,
  title={Austrian economics in {A}merica: The migration of a tradition},
  author={Vaughn, Karen},
  year={1994},
  publisher={Cambridge University Press}
}

@inproceedings{reminiscences,
  title={Reminiscences of {L}udwig {M}. {L}achmann},
  author={Fransman, Martin and Garzarelli, Giampaolo and Lewin, Peter and Runde, Jochen and Torr, Christopher},
  booktitle={Including a Symposium on Ludwig Lachmann},
  series={Research in the History of Economic Thought and Methodology},
  volume={37B},
  pages={83--92},
  year={2019},
  organization={Emerald Publishing Limited}
}

@article{caldwell,
  title={Ludwig {M}. {L}achmann: A Reminiscence},
  author={Caldwell, Bruce},
  journal={Critical Review},
  volume={5},
  pages={139--144},
  year={1991},
  publisher={Taylor \& Francis}
}

@article{horwitz-entrepreneurship,
  title={{L}udwig {L}achmann as a theorist of entrepreneurship},
  author={Horwitz, Steven},
  journal={Studies in Logic, Grammar and Rhetoric},
  volume={57},
  number={1},
  pages={19--40},
  year={2019}
}

@article{endres2013wresting,
  title={`{W}resting meaning from the market': a reassessment of {L}udwig {L}achmann's entrepreneur},
  author={Endres, Anthony and Harper, David},
  journal={Journal of Institutional Economics},
  volume={9},
  number={3},
  pages={303--328},
  year={2013},
  publisher={Cambridge University Press}
}

@article{rothbard-present,
  title={The present state of {A}ustrian economics},
  author={Rothbard, Murray},
  journal={Journal des \'Economistes et des \'Etudes Humaines},
  volume={6},
  number={1},
  pages={43--90},
  year={1995}
}

@article{albert1988hermeneutics,
  title={Hermeneutics and Economics: A Criticism of Hermeneutical Thinking in the Social Sciences},
  author={Albert, Hans},
  journal={Kyklos},
  volume={41},
  number={4},
  pages={573--602},
  year={1988},
  publisher={Wiley Online Library}
}

@article{garrison1987kaleidic,
  title={The kaleidic world of {L}udwig {L}achmann},
  author={Garrison, Roger},
  journal={Critical Review},
  volume={1},
  number={3},
  pages={77--89},
  year={1987},
  publisher={Taylor \& Francis}
}

@article{vaughn1992problem,
  title={The problem of order in {A}ustrian economics: {K}irzner vs. {L}achmann},
  author={Vaughn, Karen},
  journal={Review of Political Economy},
  volume={4},
  number={3},
  pages={251--274},
  year={1992},
  publisher={Taylor \& Francis}
}

@article{boehm2000professor,
  title={Professor {L}udwig {M}. {L}achmann (1906-1990): Scholar, Teacher, and {A}ustrian {S}chool Critic of Late Classical Formalism in Economics},
  author={Boehm, Stephan and Kirzner, Israel and Koppl, Roger and Lavoie, Don and Lewin, Peter and Torr, Christopher},
  journal={American Journal of Economics and Sociology},
  volume={59},
  number={3},
  pages={367--417},
  year={2000},
  publisher={Wiley Online Library}
}

@article{boehm,
  title={L. {M}. {L}achmann (1906--90): a personal tribute},
  author={Boehm, Stephan},
  journal={Review of Political Economy},
  volume={3},
  number={3},
  pages={365--371}, 
  year={1991},
  publisher={Taylor \& Francis}
}

@article{mittenmaier,
  author={Mittenmaier, Karl},
  title={Ludwig {L}achmann (1906-1990): A Biographical Sketch},
  journal={South African Journal of Economics},
  volume={60},
  number={1},
  pages={4--12},
  year={1992}
}

@misc{lewin-life,
  title = {Biography of {L}udwig {L}achmann (1906-1990): Life and Work},
  author={Lewin, Peter},
  year={2007},
  note = {\url{https://mises.org/library/biography-ludwig-lachmann-1906-1990-life-and-work}, accessed: 2023-07-06}
}

@misc{gordon-other,
  title = {The other side of {L}achmann},
  author={Gordon, David},
  year={2007},
  note = {\url{https://mises.org/library/expectations-and-meaning-institutions-essays-economics-ludwig-lachmann}, accessed: 2023-07-06}
}

@incollection{weber,
  author={Weber, Max}, 
  title={Objectivity in Social Sciences and Social Policy},
  booktitle={The Methodology of Social Sciences},
  publisher={The Free Press},
  editor={Shils, Edward and Finch, Henry},
  pages={50--112},
  year={2012},
  address={New York}
}

@article{eicholz-ghs,
  title={Ludwig {M}. {L}achmann: Last Member of the {G}erman {H}istorical {S}chool},
  author={Eicholz, Hans},
  journal={Journal of Contextual Economics},
  volume={137},
  number={3},
  pages={227--60},
  year={2017}
}

@incollection{machaj-postkeynesian,
  title={Costs and Pricing: an {A}ustro-Post-{K}eynesian Synthesis?},
  author={Machaj, Mateusz},
  booktitle={The Economic Theory of Costs: Foundations and New Directions},
  editor={McCaffrey, Matthew},
  pages={191--203},
  year={2017},
  publisher={Routledge}
}

@incollection{hicks,
  title={`{R}evolutions' in economics},
  author={Hicks, John},
  booktitle={Method and Appraisal in Economics},
  editor={Latsis, Spiro},
  publisher={Cambridge University Press},
  pages={207--218},
  year={1976}
}

@article{hayek-knowledge,
  title={Economics and knowledge},
  author={Hayek, Friedrich von},
  journal={Economica},
  volume={4},
  number={13},
  pages={33--54},
  year={1937}
}

@inbook{hayek-1933,
  title={Price expectations, monetary disturbances and malinvestments},
  author={Hayek, Friedrich von},
  booktitle={Profit, Interest and Investment and Other Essays on the Theory of Industrial Fluctuations},
  publisher={Routledge \& Kegan Paul},
  pages={135--156},
  year={1939}
}

@book{hoppe,
  title={Economic science and the {A}ustrian method},
  author={Hoppe, Hans-Hermann},
  year={1995},
  publisher={Ludwig von Mises Institute}
}

@article{wasserman-kauder,
  title={Science lost, science found in the post {WWII} {A}ustrian economics movement: The case of {E}mil {K}auder},
  author={Wasserman, Janek},
  journal={The Review of Austrian Economics},
  volume={33},
  number={1},
  pages={107--120},
  year={2020}
}

@article{cowen-ere,
  title={Inconsistent equilibrium constructs: the evenly rotating economy of {M}ises and {R}othbard},
  author={Cowen, Tyler and Fink, Richard},
  journal={The American Economic Review},
  volume={75},
  number={4},
  pages={866--869},
  year={1985},
  publisher={JSTOR}
}

@article{salerno-equilibrium,
  title={Ludwig von {M}ises's monetary theory in light of modern monetary thought},
  author={Salerno, Joseph},
  journal={The Review of Austrian Economics},
  volume={8},
  number={1},
  pages={71--115},
  year={1994},
  publisher={Springer}
}

@book{rodrik,
  title={Economics rules: The rights and wrongs of the dismal science},
  author={Rodrik, Dani},
  year={2015},
  publisher={W.W. Norton \& Company}
}

@book{morgan,
  title={Models as mediators},
  author={Morgan, Mary and Morrison, Margaret},
  year={1999},
  publisher={Cambridge University Press}
}

@article{minsky,
  title={The financial instability hypothesis: An interpretation of {K}eynes and an alternative to ``standard'' theory},
  author={Minsky, Hyman},
  journal={Challenge},
  volume={20},
  number={1},
  pages={20--27},
  year={1977},
  publisher={Taylor \& Francis}
}

@article{hauwe-minsky,
  title={Understanding Financial Instability: {M}insky Versus the {A}ustrians},
  author={Van Den Hauwe, Ludwig},
  journal={Journal des {\'E}conomistes et des {\'E}tudes Humaines},
  volume={22},
  number={1},
  pages={25--60},
  year={2016},
  publisher={De Gruyter}
}

@article{prychitko-minsky,
  title={Competing explanations of the {M}insky moment: The financial instability hypothesis in light of {A}ustrian theory},
  author={Prychitko, David},
  journal={The Review of Austrian Economics},
  volume={23},
  number={3},
  pages={199--221},
  year={2010},
  publisher={Springer}
}

@article{anderson-mises-weber,
  title={Mises versus {W}eber on bureaucracy and sociological method},
  author={Anderson, William},
  journal={Journal of Libertarian Studies},
  volume={18},
  pages={1--30},
  year={2004}
}

@book{mises-epe,
  title={Epistemological Problems of Economics},
  author={Mises, Ludwig von},
  year={2002},
  publisher={Ludwig von Mises Institute},
  address={Auburn, Al.}
}

@book{mises-ha,
  title={Human Action},
  author={Mises, Ludwig von},
  year={1998},
  publisher={Ludwig von Mises Institute},
  address={Auburn, Al.}
}

@book{hayek-counterrevolution,
  title={The Counter-Revolution of Science: Studies on the Abuse of Reason},
  author={Hayek, Friedrich von},
  year={1952},
  publisher={The Free Press of Glencoe},
  address={New York}
}

@book{keynes-gt,
  author = {Keynes, John Maynard},
  title={The General Theory of Employment, Interest and Money},
  publisher = {Macmillan},
  year={1936}
}

@book{schumpeter-history,
  title={History of Economic Analysis},
  author={Schumpeter, Joseph},
  year={1954},
  publisher={Psychology Press}
}

@book{shackle-time,
  title={Time in Economics},
  author={Shackle, George Lennox Sharman},
  year={1958},
  publisher={North Holland Publishing Co.}
}

@incollection{rothbard-stock,
  title={A Socialist Stock Market?},
  author={Rothbard, Murray},
  booktitle={Making Economics Sense},
  pages={425--428},
  year={2006},
  publisher={Ludwig von Mises Institute},
  address={Auburn, Al.}
}

@article{salerno-place,
  title={The Place of {M}ises \emph{Human Action} in the Development of Modern Economic Thought},
  author={Salerno, Joseph},
  journal={Quarterly Journal of Austrian Economics},
  volume={2},
  number={1},
  pages={35--65},
  year={1999}
}

@article{salerno-wieser,
  title={Friedrich von {W}ieser and {F}riedrich {A}. {H}ayek: The General Equilibrium Tradition in {A}ustrian Economics},
  author={Salerno, Joseph},
  journal={Journal des \'Economistes et des \'Etudes Humaines},
  volume={12},
  number={2/3},
  pages={357--377},
  year={2002}
}

@book{popper-poverty,
  title={The Poverty of Historicism},
  author={Popper, Karl},
  year={1957},
  publisher={Routledge \& Kegan Paul},
  address={London}
}

@article{alvesson,
  title={Neo-institutional theory and organization studies: a mid-life crisis?},
  author={Alvesson, Mats and Spicer, Andr{\'e}},
  journal={Organization Studies},
  volume={40},
  number={2},
  pages={199--218},
  year={2019}
}

@inproceedings{dekker-lachmann,
  title={Lachmann and {S}hackle: On the joint production of interpretation instruments},
  author={Dekker, Erwin and Kucha{\v{r}}, Pavel},
  booktitle={Including a Symposium on {L}udwig {L}achmann},
  volume={37B},
  editor={Fiorito, Luca and Scheall, Scott  and Suprinyak, Carlos Eduardo},
  pages={25--42},
  year={2019},
  organization={Emerald Publishing Limited}
}

@article{klein-entrepreneurship,
  title={Entrepreneurship and corporate governance},
  author={Klein, Peter},
  journal={The Quarterly Journal of Austrian Economics},
  volume={2},
  number={2},
  pages={19--42},
  year={1999},
  publisher={Springer}
}

@incollection{rothbard-praxeology,
  title={Praxeology: The methodology of Austrian economics},
  author={Rothbard, Murray},
  booktitle={The Foundations of Modern Austrian Economics},
  editor={Dolan, Edwin},
  pages={19--39},
  year={1976},
  publisher={Sheed and Ward}
}

@book{rothbard-mes,
  title={Man, Economy, and State with Power and Market: Scholar's Edition},
  author={Rothbard, Murray},
  year={2004},
  publisher={Ludwig von Mises Institute},
  address={Auburn}
}

@incollection{kirzner-method,
  title={On the method of {A}ustrian economics},
  author={Kirzner, Israel},
  booktitle={The Foundations of Modern Austrian Economics},
  editor={Dolan, Edwin},
  pages={40--51},
  year={1976},
  publisher={Sheed and Ward}
}

@book{mises-theory,
  title={Theory and History},
  author={Mises, Ludwig von},
  year={1956},
  publisher={Ludwig von Mises Institute}
}

@book{mises-planning,
  title={Planning for Freedom},
  author={Mises, Ludwig von},
  year={1980},
  publisher={Libertarian Press},
  location={South Holland, IL}
}

@book{hayek-on-hayek,
  title={Hayek on {H}ayek: An autobiographical dialogue},
  author={Hayek, Friedrich von},
  year={1994},
  publisher={University of Chicago Press}
}

@article{manish,
  title={Subjective expectations and the process of equilibration: The views of {L}achmann and {M}ises},
  author={Manish, G.P.},
  journal={The Quarterly Journal of Austrian Economics},
  year={2018},
  volume={20},
  number={3},
  pages={201--223}
}

@book{selgin,
  title={Praxeology and Understanding},
  author={Selgin, George},
  year={1990},
  publisher={Ludwig von Mises Institute}
}

@incollection{lachmann-extension,
  title={Ludwig von {M}ises and the Extension of Subjectivism},
  author={Lachmann, Ludwig},
  booktitle={Method, process, and Austrian economics. Essays in honor of Ludwig von Mises},
  editor={Kirzner, Israel},
  pages={31--40},
  year={1982},
  publisher={Lexington Books}
}

@incollection{rothbard-praxeology-method,
  title={Praxeology as the Method of the Social Sciences},
  author={Rothbard, Murray},
  booktitle={Economic Controversies},
  pages={29--58},
  year={1973},
  publisher={Ludwig von Mises Institute},
}

@article{van-zijp,
  title={Lachmann and the wilderness: on {L}achmann's radical subjectivism},
  author={van Zijp, Rudy},
  journal={The European Journal of the History of Economic Thought},
  volume={2},
  number={2},
  pages={412--433},
  year={1995}
}

@article{udehn,
  title={The changing face of methodological individualism},
  author={Udehn, Lars},
  journal={Annual Review of Sociology},
  volume={28},
  number={1},
  pages={479--507},
  year={2002}
}

@article{garzarelli,
  title={Measurement versus hermeneutics of capital},
  author={Garzarelli, Giampaolo and Kucha{\v{r}}, Pavel},
  journal={StoriaLibera. Rivista di scienze storiche e sociali},
  volume={7},
  pages={191--199},
  year={2018}
}

@book{mises-profit,
  title={Profit and Loss},
  author={Mises, Ludwig von},
  year={2008},
  publisher={Ludwig von Mises Institute},
  address={Auburn, Al.}
}

@article{rothbard-hermeneutic,
  title={The hermeneutical invasion of philosophy and economics},
  author={Rothbard, Murray},
  journal={The Review of Austrian Economics},
  volume={3},
  number={1},
  pages={45--59},
  year={1989}
}

@book{hayek-pure,
  title={The pure theory of capital},
  author={Hayek, Friedrich von},
  year={2011},
  publisher={University of Chicago Press}
}

@book{menger,
  title={Investigations into the Method of the Social Sciences},
  author={Menger, Carl},
  year={1985},
  publisher={New York University Press},
  address={New York and London}
}

@article{rothbard-defense,
  title={In Defense of ``Extreme Apriorism''},
  author={Rothbard, Murray},
  journal={Southern Economic Journal},
  pages={314--320},
  year={1957}
}

@inbook{hulsmann,
  title={Introduction to the Third Edition},
  author={H\"ulsmann, J\"org Guido},
  booktitle={Epistemological Problems of Economics},
  bookauthor={Mises, Ludwig von},
  year={2002},
  pages={ix-lvi},
  publisher={Ludwig von Mises Institute}
}

@misc{boulding,
  title={Review of \emph{{E}pistemics and Economics: A Critique of Economic Doctrines} by {G}.{L}.{S}. {S}hackle},
  author={Boulding, Kenneth},
  volume={11},
  number={4},
  year={1973},
  pages={1373--1374}
}
