
@article{wysocki_problem_2021,
	title = {The problem of indifference and homogeneity in {Austrian} economics: {Nozick}’s challenge revisited},
	shorttitle = {The problem of indifference and homogeneity in {Austrian} economics},
	url = {https://zfn.edu.pl/index.php/zfn/article/view/554},
	number = {71},
	urldate = {2022-01-24},
	journal = {Philosophical Problems in Science (Zagadnienia Filozoficzne w Nauce)},
	author = {Wysocki, Igor},
	year = {2021},
	note = {Section: Articles},
	pages = {9--44},
}

@article{block_response_2022,
	title = {Response to {Wysocki} on indifference},
	url = {https://zfn.edu.pl/index.php/zfn/article/view/578},
	number = {72},
	urldate = {2024-09-25},
	journal = {Philosophical Problems in Science (Zagadnienia Filozoficzne w Nauce)},
	author = {Block, Walter E.},
	year = {2022},
	note = {Number: 72},
	pages = {37--62},
}

@article{wysocki_rejoinder_2024,
	title = {Rejoinder to {Block} on {indifference}},
	number = {76},
	journal = {Philosophical Problems in Science (Zagadnienia Filozoficzne w Nauce)},
	author = {Wysocki, Igor},
	year = {2024},
	pages = {\pageref{wysocki-rejoinder-firstpage}--\pageref{wysocki-rejoinder-lastpage}},
}

@article{dominiak_contract_2022,
	title = {Contract {theory}, {title} {transfer}, and {Libertarianism}},
	volume = {19},
	url = {https://diametros.uj.edu.pl/diametros/article/view/1800},
	doi = {10.33392/diam.1800},
	number = {72},
	urldate = {2024-10-07},
	journal = {Diametros},
	author = {Dominiak, Łukasz and Fegley, Tate},
	year = {2022},
	pages = {1--25},
}

@article{wysocki_how_2023,
	title = {How {Does} {Justice} {Relate} to {Economic} {Welfare}? {A} {Case} {Against} {Austro}-{Libertarian} {Welfare} {Economics}},
	volume = {23},
	shorttitle = {How {Does} {Justice} {Relate} to {Economic} {Welfare}?},
	url = {https://hrcak.srce.hr/301248},
	doi = {10.52685/cjp.23.67.3},
	number = {67},
	urldate = {2024-10-07},
	journal = {Croatian Journal of Philosophy},
	author = {Wysocki, Igor and Dominiak, Łukasz},
	year = {2023},
	note = {Publisher: Institut za filozofiju},
	pages = {51--67},
}

@article{linsbichler_austrian_2021,
	title = {Austrian economics without extreme apriorism: construing the fundamental axiom of praxeology as analytic},
	volume = {198},
	shorttitle = {Austrian economics without extreme apriorism},
	url = {https://doi.org/10.1007/s11229-019-02150-8},
	doi = {10.1007/s11229-019-02150-8},
	number = {14},
	urldate = {2024-10-09},
	journal = {Synthese},
	author = {Linsbichler, Alexander},
	year = {2021},
	pages = {3359--3390},
}

@article{linsbichler_case_2023,
	title = {The case against formal methods in ({Austrian}) economics: a partial defense of formalization as translation},
	volume = {30},
	shorttitle = {The case against formal methods in ({Austrian}) economics},
	url = {https://doi.org/10.1080/1350178X.2023.2202669},
	doi = {10.1080/1350178X.2023.2202669},
	number = {2},
	urldate = {2024-10-09},
	journal = {Journal of Economic Methodology},
	author = {Linsbichler, Alexander},
	year = {2023},
	note = {Publisher: Routledge
\_eprint: https://doi.org/10.1080/1350178X.2023.2202669},
	pages = {107--121},
}

@article{dominiak_must_2019,
	title = {Must {Right}-{Libertarians} {Embrace} {Easements} by {Necessity}?},
	url = {https://diametros.uj.edu.pl/diametros/article/view/1241},
	doi = {10.33392/diam.1241},
	number = {60},
	urldate = {2024-11-26},
	journal = {Diametros},
	author = {Dominiak, Łukasz},
	year = {2019},
	note = {Number: 60},
	pages = {34--51},
}

@article{dominiak_libertarianism_2017,
	title = {Libertarianism and {Original} {Appropriation}},
	url = {http://apcz.umk.pl/czasopisma/index.php/HiP/article/view/HiP.2017.026},
	doi = {10.12775/HiP.2017.026},
	number = {22 (29)},
	urldate = {2024-11-26},
	journal = {Historia i Polityka},
	author = {Dominiak, Łukasz},
	year = {2017},
	pages = {43},
}

@article{fegley_disutility_2020,
	title = {The {Disutility} of {Labor}},
	volume = {23},
	url = {https://qjae.mises.org/article/17380-the-disutility-of-labor},
	doi = {10.35297/qjae.010064},
	number = {2},
	urldate = {2024-11-26},
	journal = {Quarterly Journal of Austrian Economics},
	author = {Fegley, Tate and Israel, Karl-Friedrich},
	year = {2020},
	pages = {171--179},
}

@article{israel_monetary_2022,
	title = {The monetary theories of {Carl} {Menger} and {Friedrich} von {Wieser}: a comparative study},
	volume = {29},
	shorttitle = {The monetary theories of {Carl} {Menger} and {Friedrich} von {Wieser}},
	url = {https://www.tandfonline.com/doi/abs/10.1080/09672567.2022.2113813},
	doi = {10.1080/09672567.2022.2113813},
	number = {5},
	urldate = {2024-11-26},
	journal = {The European Journal of the History of Economic Thought},
	author = {Israel, Karl-Friedrich},
	year = {2022},
	note = {Publisher: Routledge},
	pages = {855--876},
}

@article{israel_alternative_2024,
	title = {Alternative measures of price inflation and the perception of real income in {Germany}},
	volume = {47},
	url = {https://onlinelibrary.wiley.com/doi/abs/10.1111/twec.13431},
	doi = {10.1111/twec.13431},
	number = {2},
	urldate = {2024-11-26},
	journal = {The World Economy},
	author = {Israel, Karl-Friedrich and Schnabl, Gunther},
	year = {2024},
	note = {\_eprint: https://onlinelibrary.wiley.com/doi/pdf/10.1111/twec.13431},
	pages = {618--636},
}

@article{linsbichler_otto_2023,
	title = {Otto {Neurath}’s {Scientific} {Utopianism} {Revisited}-{A} {Refined} {Model} for {Utopias} in {Thought} {Experiments}},
	volume = {54},
	url = {https://link.springer.com/10.1007/s10838-022-09630-5},
	doi = {10.1007/s10838-022-09630-5},
	number = {2},
	urldate = {2024-11-26},
	journal = {Journal for General Philosophy of Science},
	author = {Linsbichler, Alexander and Da Cunha, Ivan Ferreira},
	year = {2023},
	pages = {233--258},
}

@article{wysocki_social_2024,
	title = {Social {welfare}, {interventionism}, and {indeterminacy}: {In} {defense} of {Rothbard}},
	number = {76},
	journal = {Philosophical Problems in Science (Zagadnienia Filozoficzne w Nauce)},
	author = {Wysocki, Igor and Dominiak, Łukasz},
	year = {2024},
	pages = {\pageref{wysocki-first}--\pageref{wysocki-last}},
}

@article{turowski_ludwig_2024,
	title = {Ludwig {Lachmann}: {A} {subjectivist} {institutionalist}},
	number = {76},
	journal = {Philosophical Problems in Science (Zagadnienia Filozoficzne w Nauce)},
	author = {Turowski, Krzysztof},
	year = {2024},
	pages = {\pageref{turowski-first}--\pageref{turowski-last}},
}

@article{slenzok_monarchy_2024,
	title = {Monarchy as {private} {property} {government}. {A} {chiefly} {methodological} {critique}},
	number = {76},
	journal = {Philosophical Problems in Science (Zagadnienia Filozoficzne w Nauce)},
	author = {Slenzok, Norbert},
	year = {2024},
	pages = {\pageref{slenzok-first}--\pageref{slenzok-last}},
}

@article{posvanc_law_2024,
	title = {The {law} of {diminishing} {marginal} {utility} as {law} of {mental} {order}-{ness}},
	number = {76},
	journal = {Philosophical Problems in Science (Zagadnienia Filozoficzne w Nauce)},
	author = {Posvanc, Matus},
	year = {2024},
	pages = {\pageref{posvanc-first}--\pageref{posvanc-last}},
}

@article{nowakowski_praxeology_2024,
	title = {A {praxeology} of the {value} of {life}: {A} {critique} of {Rothbard}’s {argument}},
	number = {76},
	journal = {Philosophical Problems in Science (Zagadnienia Filozoficzne w Nauce)},
	author = {Nowakowski, Paweł},
	year = {2024},
	pages = {\pageref{nowakowski-first}--\pageref{nowakowski-last}},
}

@article{linsbichler_what_2024,
	title = {What {Rothbard} {could} {have} {done} but {did} {not} {do}: {The} {merits} of {Austrian} {economics} {without} {extreme} {Apriorism}},
	number = {76},
	journal = {Philosophical Problems in Science (Zagadnienia Filozoficzne w Nauce)},
	author = {Linsbichler, Alexander},
	year = {2024},
	pages = {\pageref{israel-first}--\pageref{linsbichler-last}},
}

@article{fegley_defense_2024,
	title = {A {defense} of {Austrian} {welfare} {economics}},
	number = {76},
	journal = {Philosophical Problems in Science (Zagadnienia Filozoficzne w Nauce)},
	author = {Fegley, Tate and Israel, Karl-Friedrich},
	year = {2024},
	pages = {\pageref{linsbichler-first}--\pageref{israel-last}},
}

@article{megger_demonstrated_2024,
	title = {Demonstrated {preference} in the {Austrian} {economic} {analysis}},
	number = {76},
	journal = {Philosophical Problems in Science (Zagadnienia Filozoficzne w Nauce)},
	author = {Megger, Dawid},
	year = {2024},
	pages = {\pageref{megger-first}--\pageref{megger-last}},
}

@article{mcgee_taxation_2024,
	title = {Taxation and the {philosophy} of {Frédéric} {Bastiat}},
	number = {76},
	journal = {Philosophical Problems in Science (Zagadnienia Filozoficzne w Nauce)},
	author = {McGee, Robert W.},
	year = {2024},
	pages = {\pageref{mcgee-first}--\pageref{mcgee-last}},
}

@article{machaj_model_2024,
	title = {Model {uncertainty}: {When} {modeling} {risk} {leads} to {pretense} of {knowledge}},
	number = {76},
	journal = {Philosophical Problems in Science (Zagadnienia Filozoficzne w Nauce)},
	author = {Machaj, Mateusz},
	year = {2024},
	pages = {\pageref{machaj-firstpage}--\pageref{machaj-lastpage}},
}

@article{dominiak_free_2024,
	title = {Free {market}, {blackmail}, and {Austro}-{libertarianism}},
	number = {76},
	journal = {Philosophical Problems in Science (Zagadnienia Filozoficzne w Nauce)},
	author = {Dominiak, Łukasz},
	year = {2024},
	pages = {\pageref{dominiak-first}--\pageref{dominiak-last}},
}

@article{ceglarska_role_2024,
	title = {The role of phronesis in {Knowledge}-{Based} {Economy}},
	number = {76},
	journal = {Philosophical Problems in Science (Zagadnienia Filozoficzne w Nauce)},
	author = {Ceglarska, Anna and Cymbranowicz, Katarzyna},
	year = {2024},
	pages = {\pageref{ceglarska-firstpage}--\pageref{ceglarska-lastpage}},
}

@article{block_response_2024,
	title = {Response to {Wysocki}’s {rejoinder} to {Block} on {indifference}},
	number = {76},
	journal = {Philosophical Problems in Science (Zagadnienia Filozoficzne w Nauce)},
	author = {Block, Walter},
	year = {2024},
	pages = {\pageref{block-rejoinder-firstpage}--\pageref{block-rejoinder-lastpage}},
}

@article{oliva_cordoba_philosophy_2024,
	title = {On the {philosophy} and {logic} of {human} {sction}: {A} {Neo}-{Austrian} {contribution} to the {methodology} of the {social} {sciences}},
	number = {76},
	journal = {Philosophical Problems in Science (Zagadnienia Filozoficzne w Nauce)},
	author = {Oliva Córdoba, Michael},
	year = {2024},
	pages = {\pageref{oliva-firstpage}--\pageref{oliva-lastpage}},
}

@article{czyzniewski_are_2024,
	title = {Are {there} {really} {any} {errors} in the {Austrian} {theory} of {welfare}?},
	number = {76},
	journal = {Philosophical Problems in Science (Zagadnienia Filozoficzne w Nauce)},
	author = {Czyżniewski, Mateusz},
	year = {2024},
	pages = {\pageref{czyz-first}--\pageref{czyz-last}},
}
