
@article{hayek_use_1945,
	title = {The {Use} of {Knowledge} in {Society}},
	volume = {35},
	url = {https://www.kysq.org/docs/Hayek_45.pdf},
	number = {4},
	urldate = {2024-09-20},
	journal = {The American Economic Review},
	author = {Hayek, F. A. von},
	year = {1945},
	pages = {519--530},
}

@book{aristotle_oeconomica_1920,
	address = {Oxford},
	title = {Oeconomica},
	url = {http://archive.org/details/oeconomica01arisuoft},
	urldate = {2024-09-27},
	publisher = {Clarendon Press},
	author = {{Aristotle}},
	translator = {Forster, Edward Seymour},
	year = {1920},
}

@book{rackham_nicomachean_1934,
	address = {Cambridge, MA; London},
	series = {The {Loeb} {Classical} {Library}},
	title = {The {Nicomachean} {Ethics}},
	url = {http://archive.org/details/in.ernet.dli.2015.183333},
	urldate = {2024-09-27},
	publisher = {Harvard University Press; William Heinemann Ltd.},
	author = {Aristotle},
	translator = {Rackham, H},
	year = {1934},
}

@book{herodotus_histories_1920,
	address = {Cambridge, MA},
	title = {The {Histories}},
	publisher = {Harvard University Press},
	author = {{Herodotus}},
	translator = {Godley, Alfred Denis},
	year = {1920},
}

@misc{scott_history_1965,
	title = {History and {Purpose} of {Technocracy}},
	url = {http://archive.org/details/HistoryAndPurposeOfTechnocracy.howardScott},
	urldate = {2024-09-27},
	author = {Scott, Howard},
	year = {1965},
}

@book{thomas_aquinas_summa_1947,
	address = {New York; Cincinnati; Chicago},
	title = {Summa {Theologica}},
	publisher = {Benzinger Brothers Printers},
	author = {Thomas Aquinas},
	translator = {Fathers of the English Dominican Province},
	year = {1947},
}

@book{thomas_aquinas_kingship_1949,
	address = {Toronto},
	title = {On {Kingship}: {To} the {King} of {Cyprus}},
	publisher = {Pontifical Institute of Mediaeval Studies,},
	author = {Thomas Aquinas},
	year = {1949},
}

@book{hammond_peloponnesian_2009,
	address = {Oxford; New York},
	series = {Oxford {World}'s {Classics}},
	title = {The {Peloponnesian} {War}},
	publisher = {Oxford University Press},
	author = {Thucydides},
	translator = {Hammond, Thucydides Translated by Martin},
	year = {2009},
}

@book{arendt_human_1998,
	address = {Chicago; London},
	edition = {2},
	title = {The {Human} {Condition}},
	publisher = {University of Chicago Press},
	author = {Arendt, Hannah},
	translator = {Canovan, Margaret},
	year = {1998},
}

@book{arendt_promise_2005,
	address = {New York},
	title = {The {Promise} of {Politics}},
	publisher = {Schoken books},
	author = {Arendt, Hannah},
	translator = {Kohn, Jerome},
	year = {2005},
}

@book{barber_consumed_2008,
	address = {New York},
	series = {Norton paperback},
	title = {Consumed: {How} {Markets} {Corrupt} {Children}, {Infantilize} {Adults}, and {Swallow} {Citizens} {Whole}},
	shorttitle = {Consumed},
	publisher = {Norton},
	author = {Barber, Benjamin R.},
	year = {2008},
}

@article{ceglarska_od_2022,
	title = {Od widza do uczestnika. {Rola} mitu w kształtowaniu postaw obywatelskich},
	volume = {35},
	url = {https://doi.org/10.12887/35-2022-2-138-09},
	doi = {10.12887/35-2022-2-138-09},
	number = {2},
	urldate = {2024-09-30},
	journal = {Ethos: Kwartalnik Instytutu Jana Pawła II KUL},
	author = {Ceglarska, Anna},
	year = {2022},
	pages = {138--155},
}

@incollection{kuklinski_wiedza_2001,
	address = {Warszawa},
	title = {Wiedza dla gospodarki w perspektywie {OECD}},
	booktitle = {Gospodarka oparta na wiedzy: wyzwanie dla {Polski} {XXI} wieku},
	publisher = {Komitet Badań Naukowych},
	author = {Chojnacki, Zbyszko},
	editor = {Kukliński, Antoni},
	year = {2001},
	pages = {80--91},
}

@article{clarke_knowledge_2001,
	title = {The {Knowledge} {Economy}},
	volume = {43},
	url = {https://doi.org/10.1108/00400910110399184},
	doi = {10.1108/00400910110399184},
	number = {4/5},
	urldate = {2024-09-30},
	journal = {Education + Training},
	author = {Clarke, Thomas},
	year = {2001},
	note = {Publisher: MCB UP Ltd},
	pages = {189--196},
}

@book{cox_household_1998,
	address = {Princeton, NJ},
	series = {Princeton legacy library},
	title = {Household {Interests}: {Property}, {Marriage} {Strategies}, and {Family} {Dynamics} in {Ancient} {Athens}},
	shorttitle = {Household {Interests}},
	url = {http://www.degruyter.com/doi/book/10.1515/9781400864690},
	urldate = {2024-09-30},
	publisher = {Princeton University Press},
	author = {Cox, Cheryl Anne},
	year = {1998},
	note = {OCLC: 889251343},
}

@article{crespo_ontology_2006,
	title = {The {Ontology} of ‘the {Economic}’: {An} {Aristotelian} {Analysis}},
	volume = {30},
	shorttitle = {The {Ontology} of ‘the {Economic}’},
	url = {https://doi.org/10.1093/cje/bei106},
	doi = {10.1093/cje/bei106},
	number = {5},
	urldate = {2024-09-30},
	journal = {Cambridge Journal of Economics},
	author = {Crespo, Ricardo F.},
	year = {2006},
	pages = {767--781},
}

@article{crespo_aristotle_2010,
	title = {Aristotle on the {Economy}},
	volume = {70},
	journal = {Philosophia},
	author = {Crespo, Ricardo F.},
	year = {2010},
	pages = {39--68},
}

@book{davenport_working_1998,
	address = {Boston, MA},
	title = {Working {Knowledge}: {How} {Organizations} {Manage} {What} {They} {Know}},
	shorttitle = {Working {Knowledge}},
	publisher = {Harvard Business School Press},
	author = {Davenport, Thomas H. and Prusak, Laurence},
	year = {1998},
}

@book{drucker_post-capitalist_2013,
	address = {Oxford},
	title = {Post-{Capitalist} {Society}},
	publisher = {Butterworth-Heinemann},
	author = {Drucker, Peter F.},
	year = {2013},
	note = {OCLC: 1100901635},
}

@article{finley_aristotle_1970,
	title = {Aristotle and {Economic} {Analysis}},
	volume = {47},
	url = {https://doi.org/10.1093/past/47.1.3},
	doi = {10.1093/past/47.1.3},
	number = {1},
	urldate = {2024-09-30},
	journal = {Past \& Present},
	author = {Finley, M. I.},
	year = {1970},
	pages = {3--25},
}

@book{govender_rise_2021,
	address = {Bryanston},
	title = {The {Rise} of the {Sharing} {Economy} {Access} is the {New} {Ownership}},
	publisher = {Tracey McDonald Publishers},
	author = {Govender, Kevin},
	year = {2021},
}

@book{grudzewski_zarzadzanie_2004,
	address = {Warszawa},
	title = {Zarządzanie wiedzą w przedsiębiorstwach},
	publisher = {Difin},
	author = {Grudzewski, Wiesław Maria and Hejduk, Irena K.},
	year = {2004},
}

@book{jaeger_paideia_1946,
	address = {Oxford},
	title = {Paideia: {The} {Ideals} of {Greek} {Culture}. {Vol}. {I}, {Archaic} {Greece}, the {Mind} of {Athens}},
	shorttitle = {Paideia},
	publisher = {Basil Blackwell},
	author = {Jaeger, Werner},
	translator = {Highet, Gilbert},
	year = {1946},
}

@book{klak_zarzadzanie_2010,
	address = {Kielce},
	title = {Zarządzanie wiedzą we współczesnym przedsiębiorstwie},
	publisher = {Wydawnictwo Wyższej Szkoły Ekonomii i Prawa},
	author = {Kłak, Marcin},
	year = {2010},
}

@book{machiavelli_prince_2003,
	address = {Boston},
	title = {The {Prince}},
	publisher = {Dante University Press},
	author = {Machiavelli, Niccolò},
	translator = {Goodwin, Rufus},
	year = {2003},
}

@book{martin_urban_2016,
	address = {Minneapolis},
	title = {The {Urban} {Apparatus}: {Mediapolitics} and the {City}},
	shorttitle = {The {Urban} {Apparatus}},
	publisher = {University of Minnesota Press},
	author = {Martin, Reinhold},
	year = {2016},
}

@book{meikle_aristotles_1995,
	address = {Oxford},
	title = {Aristotle's {Economic} {Thought}},
	publisher = {Clarendon Press},
	author = {Meikle, Scott},
	year = {1995},
}

@book{nonaka_managing_2008,
	address = {London},
	title = {Managing {Flow}},
	url = {http://doi.org/10.1057/9780230583702},
	urldate = {2024-09-30},
	publisher = {Palgrave Macmillan UK},
	author = {Nonaka, Ikujiro and Toyama, Ryoko and Hirata, Toru and Bigelow, Susan J. and Hirose, Ayano and Kohlbacher, Florian},
	year = {2008},
	doi = {10.1057/9780230583702},
}

@book{oecd_knowledge_2000,
	title = {Knowledge {Management} in the {Learning} {Society}},
	url = {https://www.oecd-ilibrary.org/education/knowledge-management-in-the-learning-society_9789264181045-en},
	urldate = {2024-09-30},
	publisher = {OECD},
	author = {{OECD}},
	year = {2000},
	doi = {10.1787/9789264181045-en},
}

@article{pack_aristotles_2008,
	title = {Aristotle’s {Difficult} {Relationship} {With} {Modern} {Economic} {Theory}},
	volume = {13},
	url = {https://doi.org/10.1007/s10699-008-9135-x},
	doi = {10.1007/s10699-008-9135-x},
	number = {3},
	urldate = {2024-09-30},
	journal = {Foundations of Science},
	author = {Pack, Spencer J.},
	year = {2008},
	pages = {265--280},
}

@book{polanyi_tacit_1966,
	address = {London},
	title = {The {Tacit} {Dimension}},
	publisher = {Routledge and Kegan Paul},
	author = {Polanyi, Michael},
	year = {1966},
	note = {OCLC: 1031851520},
}

@book{raworth_doughnut_2017,
	address = {White River Junction, Vermont},
	title = {Doughnut {Economics}: {Seven} {Ways} to {Think} {Like} a 21\textsuperscript{st} {Century} {Economist}},
	shorttitle = {Doughnut {Economics}},
	publisher = {Chelsea Green Publishing},
	author = {Raworth, Kate},
	year = {2017},
}

@book{rogall_ekonomia_2010,
	address = {Poznań},
	title = {Ekonomia zrównoważonego rozwoju: teoria i praktyka},
	shorttitle = {Ekonomia zrównoważonego rozwoju},
	publisher = {Zysk i S-ka Wydawnictwo},
	author = {Rogall, Holger},
	translator = {Gilewicz, Joanna},
	year = {2010},
}

@article{rooney_should_2005,
	title = {Should the {Knowledge}‐based {Economy} be a {Savant} or a {Sage}? {Wisdom} and {Socially} {Intelligent} {Innovation}},
	volume = {23},
	shorttitle = {Should the {Knowledge}‐based {Economy} be a {Savant} or a {Sage}?},
	url = {https://www.scienceopen.com/hosted-document?doi=10.1080/08109020500211025},
	doi = {10.1080/08109020500211025},
	urldate = {2024-09-30},
	journal = {Prometheus},
	author = {Rooney, David and Mckenna, Bernard},
	year = {2005},
	note = {Publisher: Pluto Journals},
	pages = {307--323},
}

@article{roy_polis_1999,
	title = {\textit{{Polis}} and \textit{{Oikos}} in {Classical} {Athens}},
	volume = {46},
	url = {https://www.cambridge.org/core/product/identifier/S0017383500026036/type/journal_article},
	doi = {10.1017/S0017383500026036},
	number = {1},
	urldate = {2024-09-30},
	journal = {Greece and Rome},
	author = {Roy, J.},
	year = {1999},
	pages = {1--18},
}

@article{scalzo_aristotelian_2018,
	title = {Aristotelian {Phronesis} as a {Key} {Factor} for {Leadership} in the {Knowledge}-{Creating} {Company} {According} to {Ikujiro} {Nonaka}},
	volume = {31},
	url = {https://revistas.javeriana.edu.co/index.php/cuadernos_admon/article/view/21720},
	doi = {10.11144/javeriana.cao31-57.apkfl},
	number = {57},
	urldate = {2024-09-30},
	journal = {Cuadernos de Administración},
	author = {Scalzo, Germán and Fariñas, Guillermo},
	year = {2018},
	note = {Number: 57},
	pages = {19--44},
}

@article{skrzypek_gow_2012,
	title = {{GOW} - przyczyny i uwarunkowania},
	volume = {46},
	number = {2},
	journal = {Annales Universitatis Mariae Curie-Skłodowska. Sectio H, Oeconomia},
	author = {Skrzypek, Adam},
	year = {2012},
	pages = {189--203},
}

@article{skrzypek_gow_2018,
	title = {{GOW} jako wyzwanie współczesności},
	url = {http://bazekon.icm.edu.pl/bazekon/element/bwmeta1.element.ekon-element-000171531030},
	doi = {10.26399/meip.2(61).2018.16/e.skrzypek},
	number = {2 (61)},
	urldate = {2024-09-30},
	journal = {Myśl Ekonomiczna i Polityczna},
	author = {Skrzypek, Elżbieta},
	year = {2018},
	pages = {17--47},
}

@article{soudek_aristotles_1952,
	title = {Aristotle's {Theory} of {Exchange}: {An} {Inquiry} into the {Origin} of {Economic} {Analysis}},
	volume = {96},
	shorttitle = {Aristotle's {Theory} of {Exchange}},
	url = {https://www.jstor.org/stable/3143742},
	number = {1},
	urldate = {2024-09-30},
	journal = {Proceedings of the American Philosophical Society},
	author = {Soudek, Josef},
	year = {1952},
	note = {Publisher: American Philosophical Society},
	pages = {45--75},
}

@article{strojny_zarzadzanie_2000,
	title = {Zarządzanie wiedzą: ogólny zarys koncepcji},
	shorttitle = {Zarządzanie wiedzą},
	url = {http://bazekon.icm.edu.pl/bazekon/element/bwmeta1.element.ekon-element-000171588489},
	number = {2},
	urldate = {2024-09-30},
	journal = {Przegląd Organizacji},
	author = {Strojny, Mariusz},
	year = {2000},
	pages = {20--25},
}

@book{whitehead_process_2010,
	address = {New York},
	edition = {2},
	title = {Process and {Reality}},
	publisher = {Free Press},
	author = {Whitehead, Alfred North},
	year = {2010},
}

@incollection{teece_knowledge_1987,
	address = {New York, N.Y.},
	series = {The business strategist series},
	title = {Knowledge and {Competence} as {Strategic} {Assets}},
	booktitle = {The {Competitive} {Challenge}: {Strategies} for {Industrial} {Innovation} and {Renewal}},
	publisher = {Harper \& Row},
	author = {Winter, Sidney G.},
	editor = {Teece, David J.},
	year = {1987},
	pages = {159--184},
}

@incollection{zienkowski_gospodarka_2003,
	address = {Warszawa},
	title = {Gospodarka „oparta na wiedzy” – mit czy rzeczywistość},
	booktitle = {Wiedza a wzrost gospodarczy},
	publisher = {"Scholar"},
	author = {Zienkowski, Leszek},
	editor = {Zienkowski, Leszek},
	year = {2003},
}

@book{oecd_knowledge-based_1996,
	address = {Paris},
	title = {The {Knowledge}-{Based} {Economy}},
	url = {https://one.oecd.org/document/OCDE/GD%2896%29102/En/pdf},
	urldate = {2024-09-30},
	author = {OECD},
	year = {1996},
}

@book{plato_plato_1921,
	address = {London; Cambridge},
	series = {Loeb classical library},
	title = {Plato in {Twelve} {Volumes}: {Vol}. 12: {Theaetetus}},
	shorttitle = {Theaetetus},
	publisher = {W. Heinemann; Harvard University Press},
	author = {{Plato}},
	translator = {Fowler, Harold North},
	year = {1921},
}

@book{plato_plato_1967,
	address = {London; Cambridge},
	series = {Loeb classical library},
	title = {Plato in {Twelve} {Volumes}: {Vol}. 3: {Meno}},
	shorttitle = {Meno},
	publisher = {W. Heinemann; Harvard University Press},
	author = {{Plato}},
	translator = {Lamb, W. R. M.},
	year = {1967},
}

@book{plato_plato_1969,
	address = {London; Cambridge},
	series = {Loeb classical library},
	title = {Plato in {Twelve} {Volumes}: {Vol}. 5\&6: {Republic}},
	shorttitle = {Republic},
	publisher = {W. Heinemann; Harvard University Press},
	author = {{Plato}},
	translator = {Shorey, Paul},
	year = {1969},
}

@book{plato_plato_1967-1,
	address = {London; Cambridge},
	series = {Loeb classical library},
	title = {Plato in {Twelve} {Volumes}: {Vol}. 10\&11: {Laws}},
	shorttitle = {Laws},
	publisher = {W. Heinemann; Harvard University Press},
	author = {{Plato}},
	translator = {Bury, Robert Gregg},
	year = {1967},
}

@book{aristotle_politics_1944,
	address = {London; Cambridge},
	series = {Loeb classical library},
	title = {Politics},
	publisher = {William Heinemann Ltd; Harvard University Press},
	author = {{Aristotle}},
	translator = {Rackham, H.},
	year = {1944},
}

@book{shmelev_ecological_2012,
	address = {Dordrecht},
	title = {Ecological {Economics}: {Sustainability} in {Practice}},
	shorttitle = {Ecological {Economics}},
	url = {https://link.springer.com/10.1007/978-94-007-1972-9},
	urldate = {2024-10-01},
	publisher = {Springer Netherlands},
	author = {Shmelev, Stanislav E.},
	year = {2012},
	doi = {10.1007/978-94-007-1972-9},
}
