
@book{rothbard_man_2009,
	address = {Auburn AL},
	edition = {2},
	title = {Man, {Economy}, and {State}: {A} {Treatise} on {Economic} {Principles}; with {Power} and {Market}: {Government} and the {Economy}},
	shorttitle = {Man, {Economy}, and {State}},
	publisher = {Ludwig von Mises Institute},
	author = {Rothbard, Murray},
	year = {2009},
}

@book{rothbard_for_2006,
	address = {Auburn AL},
	title = {For a {New} {Liberty}: {The} {Libertarian} {Manifesto}},
	publisher = {Ludwig von Mises Institute},
	author = {Rothbard, Murray},
	year = {2006},
}

@book{rothbard_ethics_1998,
	address = {New York},
	title = {The {Ethics} of {Liberty}},
	publisher = {New York University Press},
	author = {Rothbard, Murray},
	year = {1998},
}

@incollection{rothbard_toward_2011,
	address = {Auburn, AL},
	series = {Economists of the twentieth century},
	title = {Toward a {Reconstruction} of {Utility} and {Welfare} {Economics}},
	url = {https://mises.org/library/toward-reconstruction-utility-and-welfare-economics-1},
	booktitle = {The {Logic} of {Action}: {I}. {Method}, {Money}, and the {Austrian} {School}},
	publisher = {Ludwig von Mises Institute},
	author = {Rothbard, Murray},
	year = {2011},
	pages = {289--333},
}

@book{aristotle_nicomachean_1955,
	address = {London},
	title = {The {Nicomachean} {Ethics}},
	shorttitle = {The ethics of {Aristotle}},
	url = {http://archive.org/details/theethicsofaristotle},
	urldate = {2024-09-26},
	publisher = {Penguin Books},
	author = {{Aristotle}},
	translator = {Thomson, J. A. K.},
	year = {1955},
}

@article{block_libertarian_1998,
	title = {A {Libertarian} {Theory} of {Blackmail}: {Reply} to {Leo} {Katz}’s ‘{Blackmail} and {Other} {Forms} of {Arm}-{Twisting}'},
	volume = {33},
	journal = {Irish Jurist},
	author = {Block, Walter E.},
	year = {1998},
	pages = {280--310},
}

@article{block_environmentalism_1998,
	title = {Environmentalism and {Economic} {Freedom}: {The} {Case} for {Private} {Property} {Rights}},
	volume = {17},
	shorttitle = {Environmentalism and {Economic} {Freedom}},
	url = {https://doi.org/10.1023/A:1005941908758},
	doi = {10.1023/A:1005941908758},
	number = {16},
	urldate = {2024-09-27},
	journal = {Journal of Business Ethics},
	author = {Block, Walter E.},
	year = {1998},
	pages = {1887--1899},
}

@article{block_libertarianism_2004,
	title = {Libertarianism, {Positive} {Obligations} and {Property} {Abandonment}: {Children}'s {Rights}},
	volume = {31},
	shorttitle = {Libertarianism, {Positive} {Obligations} and {Property} {Abandonment}},
	doi = {10.1108/03068290410518256},
	number = {3},
	journal = {International Journal of Social Economics},
	author = {Block, Walter E.},
	year = {2004},
	pages = {275--286},
}

@book{block_legalize_2013,
	address = {Chalmette},
	title = {Legalize {Blackmail}},
	publisher = {Straylight  Publishing},
	author = {Block, Walter E.},
	year = {2013},
}

@article{block_natural_2015,
	title = {Natural {Rights}, {Human} {Rights}, and {Libertarianism}},
	volume = {74},
	url = {https://onlinelibrary.wiley.com/doi/abs/10.1111/ajes.12086},
	doi = {10.1111/ajes.12086},
	number = {1},
	urldate = {2024-09-27},
	journal = {The American Journal of Economics and Sociology},
	author = {Block, Walter E.},
	year = {2015},
	note = {\_eprint: https://onlinelibrary.wiley.com/doi/pdf/10.1111/ajes.12086},
	pages = {29--62},
}

@book{block_defending_2018,
	address = {Auburn AL},
	title = {Defending the {Undefendable}: {The} {Pimp}, {Prostitute}, {Scab}, {Slumlord}, {Libeler}, {Moneylender}, and {Other} {Scapegoats} in the {Rogue}’s {Gallery} of {American} {Society}},
	url = {https://cdn.mises.org/Defending_the_Undefendable_2018.pdf},
	urldate = {2024-09-27},
	publisher = {Ludwig von Mises Institute},
	author = {Block, Walter E.},
	year = {2018},
}

@article{block_blackmail_2000,
	title = {Blackmail, {Extortion}, and {Exchange}},
	volume = {44},
	url = {https://digitalcommons.nyls.edu/nyls_law_review/vol44/iss3/9},
	number = {3},
	journal = {NYLS Law Review},
	author = {Block, Walter and Anderson, Gary},
	year = {2000},
	pages = {541--561},
}

@article{block_blackmail_1985,
	title = {Blackmail, {Extortion} and {Free} {Speech}: {A} {Reply} to {Posner}, {Epstein}, {Nozick} and {Lindgren}},
	volume = {19},
	shorttitle = {Blackmail, {Extortion} and {Free} {Speech}},
	url = {https://digitalcommons.lmu.edu/llr/vol19/iss1/4},
	number = {1},
	journal = {Loyola of Los Angeles Law Review},
	author = {Block, Walter and Gordon, David},
	year = {1985},
	pages = {37},
}

@article{epstein_unconscionability_1975,
	title = {Unconscionability: {A} {Critical} {Reappraisal}},
	volume = {18},
	shorttitle = {Unconscionability},
	url = {https://www.journals.uchicago.edu/doi/10.1086/466814},
	doi = {10.1086/466814},
	number = {2},
	urldate = {2024-09-27},
	journal = {The Journal of Law and Economics},
	author = {Epstein, Richard A.},
	year = {1975},
	note = {Publisher: The University of Chicago Press},
	pages = {293--315},
}

@book{fletcher_rethinking_2000,
	address = {Oxford; New York},
	title = {Rethinking {Criminal} {Law}},
	publisher = {Oxford University Press},
	author = {Fletcher, George P.},
	year = {2000},
}

@book{forster_howards_1941,
	address = {Harmondsworth},
	series = {Penguin modern classics},
	title = {Howards {End}},
	url = {https://archive.org/details/howardsend0000fors_c6m6},
	urldate = {2024-09-27},
	publisher = {Penguin Books},
	author = {Forster, Edward Morgan},
	year = {1941},
}

@misc{noauthor_fraud_nodate,
	title = {Fraud {Act} 2006},
	url = {https://www.legislation.gov.uk/ukpga/2006/35/contents},
	urldate = {2024-09-27},
	note = {Publisher: Statute Law Database},
}

@book{kadish_criminal_2007,
	address = {New York, NY},
	edition = {8. ed},
	title = {Criminal {Law} and {Its} {Processes}: {Cases} and {Materials}},
	shorttitle = {Criminal {Law} and {Its} {Processes}},
	publisher = {Aspen Publ},
	author = {Kadish, Sanford H. and Schulhofer, Stephen J. and Steiker, Carol S.},
	year = {2007},
}

@book{locke_two_2003,
	address = {Cambridge},
	series = {Cambridge texts in the history of political thought},
	title = {Two {Treatises} of {Government}},
	publisher = {Cambridge University Press},
	author = {Locke, John},
	editor = {Laslett, Peter},
	year = {2003},
}

@book{moore_law_1984,
	address = {Cambridge},
	title = {Law and {Psychiatry}: {Rethinking} the {Relationship}},
	shorttitle = {Law and {Psychiatry}},
	publisher = {Cambrdige University Press},
	author = {Moore, Michael S.},
	year = {1984},
}

@book{nozick_anarchy_1974,
	address = {Oxford},
	title = {Anarchy, {State}, and {Utopia}},
	publisher = {Blackwell Publishing},
	author = {Nozick, Robert},
	year = {1974},
}

@misc{noauthor_regina_1993,
	title = {Regina  v. {Théroux}},
	volume = {2},
	url = {https://canlii.ca/t/1fs40},
	urldate = {2024-09-27},
	year = {1993},
	pages = {5},
}

@article{steiner_asymmetric_2019,
	title = {Asymmetric {Information}, {Libertarianism}, and {Fraud}},
	volume = {77},
	url = {https://doi.org/10.1080/00346764.2019.1602280},
	doi = {10.1080/00346764.2019.1602280},
	number = {2},
	urldate = {2024-09-27},
	journal = {Review of Social Economy},
	author = {Steiner, Hillel},
	year = {2019},
	note = {Publisher: Routledge
\_eprint: https://doi.org/10.1080/00346764.2019.1602280},
	pages = {94--107},
}

@book{thomson_realm_1990,
	address = {Cambridge, MA},
	title = {The {Realm} of {Rights}},
	publisher = {Harvard University Press},
	author = {Thomson, Judith Jarvis},
	year = {1990},
}

@book{williams_textbook_1983,
	address = {London},
	edition = {2},
	title = {Textbook of {Criminal} {Law}},
	publisher = {Stevens \& Sons},
	author = {Williams, Glanville},
	year = {1983},
}
