@book{Rothbard2006For,
	publisher={Ludwig von Mises Institute},
	address={Auburn AL},
	title={For a New Liberty: The Libertarian Manifesto},
	author={Rothbard, Murray},
	date=2006,
	year=2006,
}
@book{Rothbard2009Man,
	edition=2,
	publisher={Ludwig von Mises Institute},
	address={Auburn AL},
	title={Man, Economy, and State: A Treatise on Economic Principles; with Power and Market: Government and the Economy},
	author={Rothbard, Murray},
	date=2009,
	year=2009,
}
@book{Rothbard1998Ethics,
	publisher={New York University Press},
	address={New York},
	title={The Ethics of Liberty},
	author={Rothbard, Murray},
	date=1998,
	year=1998,
}
@article{Harris2002Rights,
	journal={Ratio Juris},
	doi={10.1111/1467-9337.00200},
	number=2,
	title={Rights and Resources—Libertarians and the Right to Life},
	url={https://onlinelibrary.wiley.com/doi/10.1111/1467-9337.00200},
	volume=15,
	author={Harris, James W.},
	note={[Online; accessed 2024-05-29]},
	pages={109--121},
	date={2002-06},
	year=2002,
}
@incollection{Hoppe1998Introduction,
	booktitle={The Ethics of Liberty},
	publisher={New York Univ. Press},
	address={New York},
	title={Introduction},
	author={Hoppe, Hans-Hermann},
	pages={xi–xliii},
	date=1998,
	year=1998,
}
@incollection{Mack2022Natural,
	series={Routledge International Handbooks},
	booktitle={The {Routledge} {Companion} to {Libertarianism}},
	publisher={Routledge},
	address={Abingdon, Oxon; New York, NY},
	title={Natural Rights},
	author={Mack, Eric},
	editor={Zwolinski, Matt and Ferguson, Benjamin},
	pages={13--27},
	date=2022,
	year=2022,
}
@article{Meng2002Hoppeing,
	title={Hopp(e)ing Onto New Ground: A {Rothbardian} Proposal for {Thomistic} Natural Law as the Basis for {Hans}-{Hermann} {Hoppe's} Praxeological Defense of Private Property},
	author={Meng, Jude Chua Soo},
	date=2002,
	year=2002,
}
@article{Osterfeld1983Natural,
	journal={Journal of Libertarian Studies},
	number=1,
	note={publisher: Ludwig von Mises Institute},
	title={The Natural Rights Debate: A Comment on a Reply},
	volume=7,
	author={Osterfeld, David},
	pages={101--113},
	date=1983,
	year=1983,
}
@book{Osterfeld1986Freedom,
	publisher={Cobden Press},
	address={San Francisco, CA},
	title={Freedom, Society, and the State: An Investigation into the Possibility of Society Without Government},
	author={Osterfeld, David},
	date=1986,
	year=1986,
}
@article{Rasmussen1980Groundwork,
	journal={Journal of Libertarian Studies},
	number=1,
	note={publisher: Ludwig von Mises Institute},
	title={A Groundwork for Rights: Man's Natural End},
	volume=4,
	author={Rasmussen, Douglas B.},
	pages={65–76},
	date=1980,
	year=1980,
}
@article{Share2012Defense,
	journal={The Journal of Ayn Rand Studies},
	doi={10.2307/41607996},
	number=1,
	title={A Defense of {Rothbardian} Ethics via a Mediation of {Hoppe} and {Rand}},
	url={https://scholarlypublishingcollective.org/ayn-rand/article/12/1/117/303449/A-Defense-of-Rothbardian-Ethics-via-a-Mediation-of},
	volume=12,
	author={Share, Cade},
	note={[Online; accessed 2024-05-29]},
	pages={117--150},
	date={2012-08-01},
	year=2012,
	day=1,
}
@article{Slenzok2018Dwa,
	journal={Dialogi Polityczne},
	doi={10.12775/DP.2017.002},
	number=22,
	title={Dwa argumenty na rzecz libertarianizmu w teorii prawa naturalnego {Murraya} {Rothbarda}},
	url={http://apcz.umk.pl/czasopisma/index.php/DP/article/view/DP.2017.002},
	author={Slenzok, Norbert},
	note={[Online; accessed 2024-05-29]},
	pages=23,
	date={2018-04-19},
	year=2018,
	day=19,
}
@incollection{Thrasher2018Social,
	series={Routledge handbooks in philosophy},
	booktitle={The {Routledge} {Handbook} of {Libertarianism}},
	note={OCLC: 1434799072},
	publisher={Routledge},
	address={New York},
	title={Social Contractarianism},
	author={Thrasher, John},
	editor={Van der Vossen, Bas and Schmidtz, David and Brennan, Jason},
	pages={212--224},
	date=2018,
	year=2018,
}
@article{Wissenburg2019Concept,
	journal={Ethics, Policy \& Environment},
	doi={10.1080/21550085.2019.1652313},
	number=3,
	note={publisher: Routledge},
	title={The Concept of Nature in Libertarianism},
	url={https://www.tandfonline.com/doi/full/10.1080/21550085.2019.1652313},
	volume=22,
	author={Wissenburg, Marcel},
	pages={287--302},
	date={2019-09-02},
	year=2019,
	day=2,
}
@incollection{Hoppe1988From,
	booktitle={The Free Market Reader: Essays in the Economics of Liberty},
	publisher={Ludwig von Mises Institute},
	address={Auburn AL},
	title={From the Economics of Laissez Faire to Libertarian Ethics},
	author={Hoppe, Hans-Hermann},
	editor={Block, Walter and Rockwell, Llewellyn H.},
	pages={56--76},
	date=1988,
	year=1988,
}
@article{Grassl2017Toward,
	journal={Axiomathes},
	doi={10.1007/s10516-017-9348-0},
	number=5,
	title={Toward a Unified Theory of Value: From {Austrian} Economics to {Austrian} Philosophy},
	url={https://doi.org/10.1007/s10516-017-9348-0},
	volume=27,
	author={Grassl, Wolfgang},
	note={[Online; accessed 2023-01-09]},
	pages={531--559},
	date={2017-10-01},
	year=2017,
	day=1,
}
@book{Mises2008Human,
	publisher={Ludwig von Mises Institute},
	address={Auburn AL},
	title={Human Action: A Treatise on Economics},
	author={Mises, von Ludwig},
	date=2008,
	year=2008,
}
@book{Hulsmann2007Mises,
	numpages=1143,
	publisher={Ludwig von Mises Institute},
	address={Auburn AL},
	title={Mises: The Last Knight of Liberalism},
	author={Hülsmann, Jörg Guido},
	date=2007,
	year=2007,
}
@book{Mises2010Liberalism,
	numpages=207,
	publisher={Ludwig von Mises Institute},
	address={Auburn, AL},
	title={Liberalism},
	author={Mises, von Ludwig},
	editor={Goddard, Arthur},
	date=2010,
	year=2010,
}
@incollection{Rothbard1997Praxeology,
	booktitle={The Logic of Action One: Method, Money, and the Austrian School},
	publisher={Edward Elgar},
	address={Cheltenham},
	title={Praxeology, Value Judgements, and Public Policy},
	url={https://oll-resources.s3.us-east-2.amazonaws.com/oll3/store/titles/104/0724_Bk_Sm.pdf},
	author={Rothbard, Murray},
	note={[Online; accessed 2024-04-16]},
	pages={78--99},
	date=1997,
	year=1997,
}
@article{Rothbard1951Praxeology,
	journal={The American Economic Review},
	number=5,
	note={publisher: American Economic Association},
	title={Praxeology: {Reply} to {Mr.} {Schuller}},
	url={https://www.jstor.org/stable/1809097},
	volume=41,
	author={Rothbard, Murray},
	pages={943--946},
	date=1951,
	year=1951,
}
@article{Nozick1977On,
	journal={Synthese},
	doi={10.1007/bf00486025},
	number=3,
	note={publisher: Springer},
	title={On {Austrian} Methodology},
	url={https://doi.org/10.1007/BF00486025},
	volume=36,
	author={Nozick, Robert},
	pages={353--392},
	date=1977,
	year=1977,
}
@book{Höffe1991Gerechtigkeit,
	series={Würzburger Vorträge zur Rechtsphilosophie, Rechtstheorie und Rechtssoziologie},
	edition=1,
	numpages=36,
	publisher={Nomos-Verl.-Ges},
	address={Baden-Baden},
	title={Gerechtigkeit als Tausch? zum politischen Projekt der Moderne},
	author={Höffe, Otfried},
	date=1991,
	year=1991,
}
@book{Raz2001Value,
	edition=1,
	note={DOI: 10.1017/CBO9780511612732},
	publisher={Cambridge University Press},
	address={Cambridge},
	title={Value, Respect, and Attachment},
	url={https://doi.org/10.1017/CBO9780511612732},
	author={Raz, Joseph},
	date={2001-08-16},
	year=2001,
	day=16,
}
@article{Nozick1971On,
	journal={The Personalist},
	doi={10.1111/j.1468-0114.1971.tb08926.x},
	number=2,
	note={_eprint: https://onlinelibrary.wiley.com/doi/pdf/10.1111/j.1468-0114.1971.tb08926.x},
	title={On the {Randian} Argument},
	url={https://onlinelibrary.wiley.com/doi/abs/10.1111/j.1468-0114.1971.tb08926.x},
	volume=52,
	author={Nozick, Robert},
	pages={282--304},
	date=1971,
	year=1971,
}
@article{Elzenberg1990Wartość,
	journal={Etyka},
	doi={10.14394/etyka.739},
	title={Wartość i powinność},
	url={https://etyka.uw.edu.pl/index.php/etyka/article/view/739},
	volume=25,
	author={Elzenberg, Henryk},
	note={[Online; accessed 2024-08-05]},
	pages={17--45},
	date={1990-12-01},
	year=1990,
	day=1,
}
@incollection{Schroeder2021Value,
	booktitle={The Stanford Encyclopedia of Philosophy},
	edition={Fall 2021},
	publisher={Metaphysics Research Lab, Stanford University},
	address={Stanford, CA},
	title={Value Theory},
	url={https://plato.stanford.edu/archives/fall2021/entries/value-theory/},
	author={Schroeder, Mark},
	editor={Zalta, Edward N.},
	date=2021,
	year=2021,
}
@incollection{Zimmerman2019Intrinsic,
	booktitle={The Stanford Encyclopedia of Philosophy},
	edition={Spring 2019},
	publisher={Metaphysics Research Lab, Stanford University},
	address={Stanford, CA},
	title={Intrinsic vs. Extrinsic Value},
	url={https://plato.stanford.edu/archives/spr2019/entries/value-intrinsic-extrinsic/},
	author={Zimmerman, Michael J. and Bradley, Ben},
	editor={Zalta, Edward N.},
	date=2019,
	year=2019,
}
@incollection{Frey1993Value,
	booktitle={Value, Welfare, and Morality},
	note={DOI: 10.1017/CBO9780511625022.002},
	publisher={Cambridge University Press},
	address={Cambridge},
	title={Value, welfare, and morality},
	url={https://www.cambridge.org/core/books/value-welfare-and-morality/value-welfare-and-morality/87F93FB666353C21DC06E1B5757A3B04},
	author={Frey, R. G. and Morris, Christopher W.},
	editor={Morris, Christopher W. and Frey, R. G.},
	pages={1--12},
	date=1993,
	year=1993,
}
@incollection{Porębski2019Elzenberg:,
	booktitle={Lectures on Polish Value Theory},
	note={DOI: 10.1163/9789004394322},
	publisher={Brill},
	address={Leiden},
	title={Elzenberg: An Unfinished System of Axiology},
	url={https://brill.com/view/title/54133},
	author={Porębski, Czesław},
	pages={73--86},
	date={2019-02-11},
	year=2019,
	day=11,
}
@book{Rothbard2011Economic,
	note={OCLC: 733352273},
	publisher={Ludwig von Mises Institute},
	address={Auburn AL},
	title={Economic Controversies},
	author={Rothbard, Murray},
	date=2011,
	year=2011,
}
@incollection{Scheffler2011Valuing,
	booktitle={Reasons and {Recognition}: {Essays} on the {Philosophy} of {T.}{M.} {Scanlon}},
	note={DOI: 10.1093/acprof:oso/9780199753673.003.0002},
	publisher={Oxford University Press},
	address={Oxford},
	title={Valuing},
	url={https://doi.org/10.1093/acprof:oso/9780199753673.003.0002},
	author={Scheffler, Samuel},
	editor={Wallace, R. Jay and Kumar, Rahul and Freeman, Samuel},
	pages={23--42},
	date={2011-09-15},
	year=2011,
	day=15,
}
@article{Raz2017On,
	journal={King's College London Dickson Poon School of Law Legal Studies Research Paper No. 2017-38; Oxford Legal Studies Research Paper No. 55/2017; Columbia Public Law Research Paper No. 14-559},
	title={On the Moral Significance of Sacrifice},
	url={https://scholarship.law.columbia.edu/faculty_scholarship/2051},
	author={Raz, Joseph},
	note={[Online; accessed 2024-05-29]},
	date={2017-01-01},
	year=2017,
	day=1,
}
@article{Weiss1949Sacrifice,
	journal={The Review of Metaphysics},
	number=7,
	note={publisher: Philosophy Education Society Inc.},
	title={Sacrifice and Self-Sacrifice: Their Warrant and Limits},
	url={https://www.jstor.org/stable/20123135},
	volume=2,
	author={Weiss, Paul},
	pages={76--98},
	date=1949,
	year=1949,
}
@book{Hoppe2007Democracy,
	numpages=304,
	publisher={Transaction Publishers},
	address={New Brunswick, NJ},
	title={Democracy - the God That Failed: The Economics and Politics of Monarchy, Democracy and Natural Order},
	author={Hoppe, Hans-Hermann},
	date=2007,
	year=2007,
}
@incollection{Rothbard2008Toward,
	booktitle={On Freedom and Free Enterprise},
	publisher={Ludwig von Mises Institute},
	address={Auburn AL},
	title={Toward a Reconstruction of Utility and Welfare Economics},
	author={Rothbard, Murray},
	editor={Sennholz, Mary},
	pages={224--262},
	date=2008,
	year=2008,
}
@incollection{Raz1999Mixing,
	booktitle={Engaging Reason: On the Theory of Value and Action},
	publisher={Oxford Univ. Press},
	address={New York, NY},
	title={Mixing Values},
	author={Raz, Joseph},
	pages={182--201},
	date=1999,
	year=1999,
}
@incollection{Höffe1992‘Even,
	booktitle={{Essays} on {Kant’s} {Political} {Philosophy}},
	publisher={University of Chicago Press},
	address={Chicago, IL},
	title={‘{Even} a Nation of Devils Needs the State’: The Dilemma of Natural Justice},
	url={https://press.uchicago.edu/ucp/books/book/chicago/E/bo3622618.html},
	author={Höffe, Otfried},
	editor={Williams, Howard Lloyd},
	note={[Online; accessed 2024-08-05]},
	pages={120--142},
	date={1992-10},
	year=1992,
}
@article{Moen2012Is,
	journal={Reason Papers},
	number=2,
	note={publisher: Editorial Board of Reason Papers},
	title={Is Life the Ultimate Value?: A Reassessment of {Ayn} {Rand's} Ethics},
	volume=34,
	author={Moen, Ole},
	pages={84–116},
	date=2012,
	year=2012,
}
@article{Rasmussen2002Rand,
	journal={The Journal of Ayn Rand Studies},
	number=1,
	note={publisher: Penn State University Press},
	title={Rand on Obligation and Value},
	url={https://www.jstor.org/stable/41560204},
	volume=4,
	author={Rasmussen, Douglas B.},
	pages={69--86},
	date=2002,
	year=2002,
}
@article{Hartford2017Ultimate,
	journal={The Journal of Ayn Rand Studies},
	doi={10.5325/jaynrandstud.17.1.0054},
	number=1,
	title={Ultimate Value: Self-Contradictory},
	url={https://scholarlypublishingcollective.org/ayn-rand/article/17/1/54/201146/Ultimate-Value-Self-Contradictory},
	volume=17,
	author={Hartford, Robert},
	note={[Online; accessed 2024-05-29]},
	pages={54--67},
	date={2017-07-01},
	year=2017,
	day=1,
}
@article{Bruce2013Intrinsic,
	journal={Journal of Military and Veterans’ Health},
	number=3,
	title={Intrinsic and External Factors and Influences on the Motivation of Suicide Attackers},
	url={https://jmvh.org/article/motivation-of-suicide-attackers/},
	volume=21,
	author={Bruce, Gregor},
	note={[Online; accessed 2024-08-05]},
	pages={27--33},
	date=2013,
	year=2013,
}
@article{Roy2016Can,
	journal={Pouvoirs},
	number=3,
	note={Bibliographie_available: 0
Cairndomain: www.cairn-int.info
Cite Par_available: 0
publisher: Le Seuil},
	title={Can We Understand the Motives of Jihadists?},
	url={https://www.cairn-int.info/article.php?ID_ARTICLE=E_POUV_158_0015},
	volume=158,
	author={Roy, Olivier},
	pages={15--24},
	date={2016-09-16},
	year=2016,
	day=16,
}
@article{Kruglanski2009Fully,
	journal={Political Psychology},
	doi={10.1111/j.1467-9221.2009.00698.x},
	number=3,
	title={Fully Committed: Suicide Bombers' Motivation and the Quest for Personal Significance},
	url={https://onlinelibrary.wiley.com/doi/10.1111/j.1467-9221.2009.00698.x},
	volume=30,
	author={Kruglanski, Arie W. and Chen, Xiaoyan and Dechesne, Mark and Fishman, Shira and Orehek, Edward},
	note={[Online; accessed 2024-05-29]},
	pages={331--357},
	date={2009-06},
	year=2009,
}
@article{Alakoc2017When,
	journal={International Journal of Conflict and Violence (IJCV)},
	doi={10.4119/IJCV-3089},
	note={dimensions: a493 Pages
publisher: International Journal of Conflict and Violence (IJCV)},
	title={When Suicide Kills: An Empirical Analysis of the Lethality of Suicide Terrorism},
	url={https://www.ijcv.org/index.php/ijcv/article/view/3089},
	author={Alakoc, Burcu Pinar},
	pages={1--15},
	date={2017-12-19},
	year=2017,
	day=19,
}
@article{Hutchins2017Islam,
	journal={Counter Terrorist Trends and Analyses},
	number=11,
	note={publisher: International Centre for Political Violence and Terrorism Research},
	title={Islam and Suicide Terrorism: Separating Fact from Fiction},
	url={https://www.jstor.org/stable/26351566},
	volume=9,
	author={Hutchins, Reid},
	pages={7--11},
	date=2017,
	year=2017,
}
@article{Sheehan2014Are,
	journal={Innovations in Clinical Neuroscience},
	number={9-10},
	note={PMID: 25520891
PMCID: PMC4267802},
	title={Are suicide terrorists suicidal? A critical assessment of the evidence},
	volume=11,
	author={Sheehan, Ivan Sascha},
	pages={81--92},
	date={2014-09},
	year=2014,
}
@article{Mroszczyk2019To,
	journal={Terrorism and Political Violence},
	doi={10.1080/09546553.2016.1228632},
	number=2,
	title={To die or to kill? An analysis of suicide attack lethality},
	url={https://www.tandfonline.com/doi/full/10.1080/09546553.2016.1228632},
	volume=31,
	author={Mroszczyk, Joseph},
	note={[Online; accessed 2024-05-29]},
	pages={346--366},
	date={2019-03-04},
	year=2019,
	day=4,
}
@article{Asthappan2010Effectiveness,
	journal={Business and Public Administration Studies},
	number=2,
	note={number: 2},
	title={The Effectiveness of Suicide Terrorism},
	url={https://www.bpastudies.org/index.php/bpastudies/article/view/126},
	volume=5,
	author={Asthappan, Jibey},
	pages={16--16},
	date=2010,
	year=2010,
}
@article{BBC2019German,
	title={German police arrest 10 people on suspicion of planning Islamist attack},
	url={https://www.bbc.com/news/world-europe-47677657},
	author={BBC},
	note={[Online; accessed 2024-05-29]},
	date={2019-03-23},
	year=2019,
	day=23,
}
@article{Crabtree2006Terrorist,
	journal={Journal of Burn Care \& Research},
	doi={10.1097/01.BCR.0000235459.60000.A5},
	number=5,
	title={Terrorist Homicide Bombings: A Primer for Preparation:},
	url={https://academic.oup.com/jbcr/article/27/5/576-588/4605435},
	volume=27,
	author={Crabtree, James},
	note={[Online; accessed 2024-05-29]},
	pages={576--588},
	date={2006-09},
	year=2006,
}
@article{Lindekilde2019Radicalization,
	journal={Behavioral Sciences of Terrorism and Political Aggression},
	doi={10.1080/19434472.2017.1407814},
	number=2,
	title={Radicalization patterns and modes of attack planning and preparation among lone-actor terrorists: an exploratory analysis},
	url={https://www.tandfonline.com/doi/full/10.1080/19434472.2017.1407814},
	volume=11,
	author={Lindekilde, Lasse and O’Connor, Francis and Schuurman, Bart},
	note={[Online; accessed 2024-05-29]},
	pages={113--133},
	date={2019-05-04},
	year=2019,
	day=4,
}
@article{Faria2003Terror,
	journal={Studies in Nonlinear Dynamics \& Econometrics},
	doi={10.2202/1558-3708.1102},
	number=1,
	title={Terror Cycles},
	url={https://www.degruyter.com/document/doi/10.2202/1558-3708.1102/html},
	volume=7,
	author={Faria, Joao Ricardo},
	note={[Online; accessed 2024-05-29]},
	pages={1--11},
	date={2003-01-24},
	year=2003,
	day=24,
}
@article{Child1994Can,
	journal={Ethics},
	doi={10.1086/293652},
	number=4,
	title={Can Libertarianism Sustain a Fraud Standard?},
	url={https://www.journals.uchicago.edu/doi/10.1086/293652},
	volume=104,
	author={Child, James W.},
	note={[Online; accessed 2024-08-05]},
	pages={722--738},
	date={1994-07},
	year=1994,
}
@article{Eabrasu2013Rothbard’s,
	journal={Politics, Philosophy \& Economics},
	doi={10.1177/1470594X12460645},
	number=3,
	title={Rothbard’s and Hoppe’s justifications of libertarianism: A critique},
	url={http://journals.sagepub.com/doi/10.1177/1470594X12460645},
	volume=12,
	author={Eabrasu, Marian},
	note={[Online; accessed 2024-05-29]},
	pages={288--307},
	date={2013-08},
	year=2013,
}
@incollection{Kinsella2009What,
	booktitle={Property, {Freedom}, \& {Society}: {Essays} in {Honor} of {Hans}-{Hermann} {Hoppe}},
	publisher={Ludwig von Mises Institute},
	address={Auburn, AL},
	title={What Libertarianism Is},
	url={https://mises.org/library/property-freedom-and-society-essays-honor-hans-hermann-hoppe},
	author={Kinsella, Stephan},
	editor={Hülsmann, Jörg Guido and Kinsella, Stephan},
	note={[Online; accessed 2024-08-07]},
	pages={179--196},
	date=2009,
	year=2009,
}
@book{Waldron1988Right,
	publisher={Oxford Univ. Press},
	address={Oxford; New York},
	title={The Right to Private Property},
	author={Waldron, Jeremy},
	date=1988,
	year=1988,
}
@book{Hoppe1989Theory,
	series={The Ludwig von Mises Institute's studies in Austrian economics},
	numpages=275,
	publisher={Kluwer Academic Publishers},
	address={Boston},
	title={A Theory of Socialism and Capitalism: Economics, Politics, and Ethics},
	author={Hoppe, Hans-Hermann},
	date=1989,
	year=1989,
}

