
@book{robbins_essay_1932,
	address = {London},
	title = {An {Essay} on the {Nature} and {Significance} of {Economic} {Science}},
	publisher = {Macmillan},
	author = {Robbins, Lionel Robbins},
	year = {1932},
	note = {OCLC: 695678240},
}

@book{rothbard_man_2009,
	address = {Auburn AL},
	edition = {2},
	title = {Man, {Economy}, and {State}: {A} {Treatise} on {Economic} {Principles}; with {Power} and {Market}: {Government} and the {Economy}},
	shorttitle = {Man, {Economy}, and {State}},
	publisher = {Ludwig von Mises Institute},
	author = {Rothbard, Murray N.},
	year = {2009},
}

@book{mises_human_1998,
	address = {Auburn AL},
	edition = {Scholar's ed.},
	title = {Human {Action}: {A} {Treatise} on {Economics}},
	shorttitle = {Human {Action}},
	publisher = {Ludwig von Mises Institute},
	author = {Mises, Ludwig von},
	year = {1998},
	note = {OCLC: ocm40712873},
}

@article{kvasnicka_rothbards_2008,
	title = {Rothbard's {Welfare} {Theory}: {A} {Critique}},
	volume = {4},
	shorttitle = {Rothbard's {Welfare} {Theory}},
	number = {1},
	journal = {New Perspectives on Political Economy},
	author = {Kvasnička, Michal},
	year = {2008},
	pages = {41--52},
}

@incollection{rothbard_toward_2008,
	address = {Auburn AL},
	title = {Toward a {Reconstruction} of {Utility} and {Welfare} {Economics}},
	booktitle = {On {Freedom} and {Free} {Enterprise}},
	publisher = {Ludwig von Mises Institute},
	author = {Rothbard, Murray N.},
	editor = {Sennholz, Mary},
	year = {2008},
	pages = {224--262},
}

@book{rothbard_ethics_1998,
	address = {New York},
	title = {The {Ethics} of {Liberty}},
	publisher = {New York University Press},
	author = {Rothbard, Murray N.},
	year = {1998},
}

@book{hoppe_economics_2006,
	address = {Auburn AL},
	edition = {2},
	title = {The {Economics} and {Ethics} of {Private} {Property}},
	publisher = {Ludwig von Mises Institute},
	author = {Hoppe, Hans-Hermann},
	year = {2006},
}

@book{lachmann_legacy_1971,
	address = {Berkeley},
	title = {The {Legacy} of {Max} {Weber}},
	publisher = {The Glendessary Press},
	author = {Lachmann, Ludwig},
	year = {1971},
}

@book{mises_ultimate_1962,
	address = {Princeton, NJ},
	series = {William {Vilker} {Fund} {Series} in the {Humane} {Studies}},
	title = {The {Ultimate} of {Foundation} of {Economic} {Science}: {An} {Essay} on {Method}},
	shorttitle = {The {Ultimate} of {Foundation} of {Economic} {Science}},
	publisher = {Van Nostrand Comp},
	author = {Mises, Ludwig von},
	year = {1962},
}

@article{wysocki_rejoinder_2020,
	title = {Rejoinder to {Wiśniewski} on the {Austrian} welfare economics},
	volume = {26},
	shorttitle = {Austrian welfare economics},
	url = {https://wuwr.pl/ekon/article/view/11953},
	doi = {10.19195/2658-1310.26.2.6},
	number = {2},
	urldate = {2024-10-07},
	journal = {Ekonomia},
	author = {Wysocki, Igor and Megger, Dawid},
	year = {2020},
	pages = {103--109},
}

@book{samuelson_foundations_1947,
	address = {Cambridge},
	series = {Harvard economic studies},
	title = {Foundations of {Economic} {Analysis}},
	publisher = {Harvard University Press},
	author = {Samuelson, Paul A.},
	year = {1947},
	note = {OCLC: 609188111},
}

@article{bylund_explaining_2015,
	title = {Explaining {Firm} {Emergence}: {Specialization}, {Transaction} {Costs}, and the {Integration} {Process}},
	volume = {36},
	shorttitle = {Explaining {Firm} {Emergence}},
	url = {https://onlinelibrary.wiley.com/doi/10.1002/mde.2661},
	doi = {10.1002/mde.2661},
	number = {4},
	urldate = {2024-10-16},
	journal = {Managerial and Decision Economics},
	author = {Bylund, Per L.},
	year = {2015},
	pages = {221--238},
}

@article{wysocki_how_2023,
	title = {How {Does} {Justice} {Relate} to {Economic} {Welfare}?: {A} {Case} {Against} {Austro}-{Libertarian} {Welfare} {Economics}},
	volume = {23},
	shorttitle = {How {Does} {Justice} {Relate} to {Economic} {Welfare}?},
	url = {https://hrcak.srce.hr/301248},
	doi = {10.52685/cjp.23.67.3},
	number = {67},
	urldate = {2024-10-16},
	journal = {Croatian journal of philosophy},
	author = {Wysocki, Igor and Dominiak, Łukasz},
	year = {2023},
	pages = {51--67},
}

@article{gordon_toward_1993,
	title = {Toward a deconstruction of utility and welfare economics},
	volume = {6},
	url = {http://link.springer.com/10.1007/BF00842706},
	doi = {10.1007/BF00842706},
	number = {2},
	urldate = {2024-10-16},
	journal = {The Review of Austrian Economics},
	author = {Gordon, David},
	year = {1993},
	pages = {99--112},
}

@article{gunning_did_2005,
	title = {Did {Mises} {Err}? {Was} {He} a {Utilitarian}?: {Reply} to {Block}},
	volume = {64},
	shorttitle = {Did {Mises} {Err}?},
	url = {https://onlinelibrary.wiley.com/doi/10.1111/j.1536-7150.2005.00399.x},
	doi = {10.1111/j.1536-7150.2005.00399.x},
	number = {3},
	urldate = {2024-10-16},
	journal = {The American Journal of Economics and Sociology},
	author = {Gunning, J. Patrick},
	year = {2005},
	pages = {939--960},
}

@article{herbener_pareto_1997,
	title = {The {Pareto} {Rule} and {Welfare} {Economics}},
	volume = {10},
	url = {http://link.springer.com/10.1007/BF02538144},
	doi = {10.1007/BF02538144},
	number = {1},
	urldate = {2024-10-16},
	journal = {The Review of Austrian Economics},
	author = {Herbener, Jeffrey M.},
	year = {1997},
	pages = {79--106},
}

@misc{juszczak_o_2021,
	address = {Wrocław},
	title = {O ekonomii dobrobytu {Rothbarda}. {Recenzja} pracy {Dawida} {Meggera} {Sprawiedliwość} w ekonomii dobrobytu},
	url = {https://repozytorium.uni.wroc.pl/dlibra/publication/144533},
	doi = {10.34616/144533},
	urldate = {2024-10-16},
	publisher = {Wydział Prawa, Administracji i Ekonomii Uniwersytetu Wrocławskiego},
	author = {Juszczak, Jakub},
	collaborator = {Sadowski, Mirosław and Demiańczuk, Andrzej and Szklarczyk, Paweł and Chrząszcz, Bartosz and Bernacki, Włodzimierz and Carballo Pineiro, Laura and Chmieliński, Maciej and Citkowska-Kimla, Anna and Kimla, Piotr and Koprowski, William and Łuszczyński, Artur and Marszałkowska-Krześ, Elwira and Ravluševičius, Pavelas and Rzegocki, Arkady and Sawicki, Janusz and Sierpowska, Iwona and Sydor, Paweł and Tulejski, Tomasz and Urbaniak, Krzysztof},
	year = {2021},
	note = {Medium: application/pdf},
}

@article{megger_coercion_2022,
	title = {Coercion, voluntary exchange, and the {Austrian} {School} of {Economics}},
	volume = {201},
	url = {https://link.springer.com/10.1007/s11229-022-04005-1},
	doi = {10.1007/s11229-022-04005-1},
	number = {1},
	urldate = {2024-10-16},
	journal = {Synthese},
	author = {Megger, Dawid and Wysocki, Igor},
	year = {2022},
	pages = {8},
}

@article{prychitko_formalism_1993,
	title = {Formalism in {Austrian}‐school welfare economics: {Another} pretense of knowledge?},
	volume = {7},
	shorttitle = {Formalism in {Austrian}‐school welfare economics},
	url = {http://www.tandfonline.com/doi/abs/10.1080/08913819308443319},
	doi = {10.1080/08913819308443319},
	number = {4},
	urldate = {2024-10-16},
	journal = {Critical Review},
	author = {Prychitko, David L.},
	year = {1993},
	pages = {567--592},
}

@article{wisniewski_austrian_2019,
	title = {Austrian welfare economics: {A} reply to {Wysocki} and {Megger}},
	volume = {25},
	shorttitle = {Austrian welfare economics},
	url = {http://wuwr.pl/ekon/article/view/8532},
	doi = {10.19195/2084-4093.25.3.2},
	number = {3},
	urldate = {2024-10-16},
	journal = {Ekonomia},
	author = {Wiśniewski, Jakub Bożydar},
	year = {2019},
	pages = {25--28},
}

@article{wysocki_austrian_2019,
	title = {Austrian welfare economics: {A} critical approach},
	volume = {25},
	shorttitle = {Austrian welfare economics},
	url = {http://wuwr.pl/ekon/article/view/8524},
	doi = {10.19195/2084-4093.25.1.5},
	number = {1},
	urldate = {2024-10-16},
	journal = {Ekonomia},
	author = {Wysocki, Igor and Megger, Dawid},
	year = {2019},
	pages = {73--80},
}

@article{wysocki_justice_2023,
	title = {Justice vis à vis welfare: how {Austrian} welfare economics should fit in the {Austro}-libertarian framework},
	volume = {40},
	shorttitle = {Justice vis à vis welfare},
	url = {https://link.springer.com/10.1007/s40888-023-00301-2},
	doi = {10.1007/s40888-023-00301-2},
	number = {2},
	urldate = {2024-10-16},
	journal = {Economia Politica},
	author = {Wysocki, Igor},
	year = {2023},
	pages = {445--467},
}

@incollection{davis_positive-normative_1998,
	title = {Positive-{Normative} {Distrinction}},
	url = {https://www.elgaronline.com/view/9781852787950.00095.xml},
	urldate = {2024-10-16},
	booktitle = {The {Handbook} of {Economic} {Methodology}},
	publisher = {Edward Elgar Publishing},
	author = {Blaug, Mark},
	editor = {Davis, John B. and Hands, D. W. and Mäki, Uskali},
	year = {1998},
	doi = {10.4337/9781781954249.00095},
	pages = {370--374},
}

@article{hausman_impossibility_1995,
	title = {The {Impossibility} of {Interpersonal} {Utility} {Comparisons}},
	volume = {104},
	url = {https://www.jstor.org/stable/2254638},
	number = {415},
	urldate = {2024-10-16},
	journal = {Mind},
	author = {Hausman, Daniel M.},
	year = {1995},
	note = {Publisher: [Oxford University Press, Mind Association]},
	pages = {473--490},
}

@book{machlup_methodology_1978,
	address = {New York},
	series = {Economic theory and mathematical economics},
	title = {Methodology of {Economics} and {Other} {Social} {Sciences}},
	publisher = {Academic Press},
	author = {Machlup, Fritz},
	year = {1978},
}

@book{megger_sprawiedliwosc_2021,
	address = {Toruń},
	title = {Sprawiedliwość w ekonomii dobrobytu: libertarianizm i szkoła austriacka},
	shorttitle = {Sprawiedliwość w ekonomii dobrobytu},
	publisher = {Wydawnictwo Naukowe Uniwersytetu Mikołaja Kopernika},
	author = {Megger, Dawid},
	year = {2021},
	doi = {10.12775/978-83-231-4689-6},
}

@phdthesis{megger_austriacka_2023,
	address = {Toruń},
	title = {Austriacka szkoła ekonomii jako przyczynowo-realistyczny program badawczy. {Studia} metodologiczne},
	url = {http://repozytorium.umk.pl/handle/item/6850},
	urldate = {2024-10-16},
	school = {Uniwersytet Mikołaja Kopernika},
	author = {Megger, Dawid},
	year = {2023},
	note = {Accepted: 2023-04-14T03:54:43Z},
}

@book{mises_theory_1997,
	address = {Auburn AL},
	title = {Theory and {History}: {An} {Interpretation} of {Social} and {Economic} {Evolution}},
	shorttitle = {Theory and {History}},
	publisher = {Ludwig von Mises Institute},
	author = {Mises, Ludwig von},
	year = {1997},
}

@book{nozick_anarchy_1999,
	address = {Oxford},
	title = {Anarchy, {State}, and {Utopia}},
	publisher = {Blackwell Publishing},
	author = {Nozick, Robert},
	year = {1999},
}

@book{odriscoll_austrian_2014,
	address = {London},
	title = {Austrian {Economics} {Re}-examined: {The} {Economics} of {Time} and {Ignorance}},
	shorttitle = {Austrian {Economics} {Re}-examined},
	publisher = {Routledge},
	author = {O'Driscoll, Gerald P. and Rizzo, Mario J.},
	year = {2014},
	doi = {10.4324/9781315776736},
}

@book{samuelson_foundations_1971,
	address = {Cambridge},
	series = {Harvard economic studies},
	title = {Foundations of {Economic} {Analysis}},
	publisher = {Harvard University Press},
	author = {Samuelson, Paul A.},
	year = {1971},
}
