
@article{keynes_professor_1939,
	title = {Professor {Tinbergen}’s method},
	volume = {49},
	url = {https://academic.oup.com/ej/article/49/195/558/5268457},
	doi = {10.1093/ej/49.195.558},
	number = {195},
	urldate = {2019-08-26},
	journal = {The Economic Journal},
	author = {Keynes, John Maynard},
	year = {1939},
	pages = {558--577},
}

@article{fetzer_probability_1983,
	title = {Probability and objectivity in deterministic and indeterministic situations},
	volume = {57},
	url = {http://link.springer.com/10.1007/BF01064703},
	doi = {10.1007/BF01064703},
	number = {3},
	urldate = {2024-10-08},
	journal = {Synthese},
	author = {Fetzer, James H.},
	year = {1983},
	pages = {367--386},
}

@article{green_market_1999,
	title = {Market {Risk} and {Model} {Risk} for a {Financial} {Institution} {Writing} {Options}},
	volume = {54},
	url = {https://onlinelibrary.wiley.com/doi/10.1111/0022-1082.00152},
	doi = {10.1111/0022-1082.00152},
	number = {4},
	urldate = {2024-10-08},
	journal = {The Journal of Finance},
	author = {Green, T. Clifton and Figlewski, Stephen},
	year = {1999},
	pages = {1465--1499},
}

@article{hoppe_limits_2007,
	title = {The {Limits} of {Numerical} {Probability}: {Frank} {H}. {Knight} and {Ludwig} von {Mises} and {The} {Frequency} {Interpretation}},
	volume = {10},
	shorttitle = {The {Limits} of {Numerical} {Probability}},
	url = {http://link.springer.com/10.1007/s12113-007-9005-3},
	doi = {10.1007/s12113-007-9005-3},
	number = {1},
	urldate = {2024-10-08},
	journal = {The Quarterly Journal of Austrian Economics},
	author = {Hoppe, Hans-Hermann},
	year = {2007},
	pages = {1--20},
}

@article{hull_methodology_2002,
	title = {A {Methodology} for {Assessing} {Model} {Risk} and {Its} {Application} to the {Implied} {Volatility} {Function} {Model}},
	volume = {37},
	url = {https://www.jstor.org/stable/3595007?origin=crossref},
	doi = {10.2307/3595007},
	number = {2},
	urldate = {2024-10-08},
	journal = {The Journal of Financial and Quantitative Analysis},
	author = {Hull, John and Suo, Wulin},
	year = {2002},
	pages = {297},
}

@article{jablecki_regulated_2009,
	title = {The {Regulated} {Meltdown} of 2008},
	volume = {21},
	url = {http://www.tandfonline.com/doi/abs/10.1080/08913810902974899},
	doi = {10.1080/08913810902974899},
	number = {2-3},
	urldate = {2024-10-08},
	journal = {Critical Review},
	author = {Jabłecki, Juliusz and Machaj, Mateusz},
	year = {2009},
	pages = {301--328},
}

@article{kerkhof_model_2010,
	title = {Model risk and capital reserves},
	volume = {34},
	url = {https://linkinghub.elsevier.com/retrieve/pii/S0378426609001824},
	doi = {10.1016/j.jbankfin.2009.07.025},
	number = {1},
	urldate = {2024-10-08},
	journal = {Journal of Banking \& Finance},
	author = {Kerkhof, Jeroen and Melenberg, Bertrand and Schumacher, Hans},
	year = {2010},
	pages = {267--279},
}

@article{kyburg_probability_1966,
	title = {Probability and {Decision}},
	volume = {33},
	url = {https://www.cambridge.org/core/product/identifier/S0031824800045074/type/journal_article},
	doi = {10.1086/288097},
              given
              evidence, and
              given
              values, will have three different
              and contrary
              courses of action recommended to him, each according to one of the three most popular interpretations of probability.},
	number = {3},
	urldate = {2024-10-08},
	journal = {Philosophy of Science},
	author = {Kyburg, H. E.},
	year = {1966},
	pages = {250--261},
}

@article{moser_foundations_1988,
	title = {The foundations of epistemological probability},
	volume = {28},
	url = {http://link.springer.com/10.1007/BF00166444},
	doi = {10.1007/BF00166444},
	number = {2},
	urldate = {2024-10-08},
	journal = {Erkenntnis},
	author = {Moser, Paul K.},
	year = {1988},
	pages = {231--251},
}

@article{reeves_theory_1988,
	title = {A {Theory} of {Probability}},
	volume = {39},
	url = {https://www.journals.uchicago.edu/doi/10.1093/bjps/39.2.161},
	doi = {10.1093/bjps/39.2.161},
	number = {2},
	urldate = {2024-10-08},
	journal = {The British Journal for the Philosophy of Science},
	author = {Reeves, T. V.},
	year = {1988},
	pages = {161--182},
}

@article{samuelson_asymmetric_2008,
	title = {Asymmetric or symmetric time preference and discounting in many facets of economic theory: {A} miscellany},
	volume = {37},
	shorttitle = {Asymmetric or symmetric time preference and discounting in many facets of economic theory},
	url = {https://link.springer.com/10.1007/s11166-008-9047-8},
	doi = {10.1007/s11166-008-9047-8},
	number = {2-3},
	urldate = {2024-10-08},
	journal = {Journal of Risk and Uncertainty},
	author = {Samuelson, Paul A.},
	year = {2008},
	pages = {107--114},
}

@article{shanks_time_1993,
	title = {Time and the propensity interpretation of probability},
	volume = {24},
	url = {http://link.springer.com/10.1007/BF00764391},
	doi = {10.1007/BF00764391},
	number = {2},
	urldate = {2024-10-08},
	journal = {Journal for General Philosophy of Science},
	author = {Shanks, Niall},
	year = {1993},
	pages = {293--302},
}

@article{swinburne_probability_1971,
	title = {The {Probability} of {Particular} {Events}},
	volume = {38},
	url = {https://www.cambridge.org/core/product/identifier/S0031824800033900/type/journal_article},
	doi = {10.1086/288374},
              Q
              , e.g. of Eclipse winning the Derby. Let ‘α‘ denote the conjunction of properties known to be possessed by
              e
              , and
              P
              (
              Q/α
              ) the probability of an object which is α being
              Q.
              One view is that the probability of
              e
              being
              Q
              is given by the best confirmed value of
              P
              (
              Q
              /α). This view is shown not to be generally true, but to provide a useful approximation in many cases. Then given that we have information about the observed frequencies of
              Q
              among objects having one or more of the properties whose conjunction forms α, the paper shows how to establish which value of
              P
              (
              Q
              /
              α
              ) is the best confirmed one.},
	number = {3},
	urldate = {2024-10-08},
	journal = {Philosophy of Science},
	author = {Swinburne, R. G.},
	year = {1971},
	pages = {327--343},
}

@article{alexander_quantile_2012,
	title = {Quantile {Uncertainty} and {Value}-at-{Risk} {Model} {Risk}},
	volume = {32},
	url = {https://onlinelibrary.wiley.com/doi/abs/10.1111/j.1539-6924.2012.01824.x},
	doi = {10.1111/j.1539-6924.2012.01824.x},
	number = {8},
	urldate = {2024-10-08},
	journal = {Risk Analysis},
	author = {Alexander, Carol and Sarabia, José María},
	year = {2012},
	note = {\_eprint: https://onlinelibrary.wiley.com/doi/pdf/10.1111/j.1539-6924.2012.01824.x},
	pages = {1293--1308},
}

@article{fetzer_world_1977,
	title = {A world of dispositions},
	volume = {34},
	url = {https://doi.org/10.1007/BF00485648},
	doi = {10.1007/BF00485648},
	number = {4},
	urldate = {2024-10-08},
	journal = {Synthese},
	author = {Fetzer, James H.},
	year = {1977},
	pages = {397--421},
}

@article{howson_theories_1995,
	title = {Theories of {Probability}},
	volume = {46},
	url = {https://www.journals.uchicago.edu/doi/10.1093/bjps/46.1.1},
	doi = {10.1093/bjps/46.1.1},
	number = {1},
	urldate = {2024-10-08},
	journal = {The British Journal for the Philosophy of Science},
	author = {Howson, Colin},
	year = {1995},
	pages = {1--32},
}

@misc{bricmont_determinism_2002,
	title = {Determinism, {Chaos} and {Quantum} {Mechanics}.},
	url = {https://www.dogma.lu/txt/JB-Determinism.pdf},
	urldate = {2024-10-08},
	publisher = {Institut de Physique Théorique Université Catholique de Louvain, Louvain-la-Neuve, Belgium},
	author = {Bricmont, Jean},
	year = {2002},
}

@article{friedman_role_1968,
	title = {The {Role} of {Monetary} {Policy}},
	volume = {58},
	url = {https://fraser.stlouisfed.org/title/american-economic-review-1161/role-monetary-policy-2352},
	number = {1},
	urldate = {2024-10-08},
	journal = {The American Economic Review},
	author = {Friedman, Milton},
	year = {1968},
	note = {Publisher: American Economic Association},
	pages = {1--17},
}

@book{garrison_time_2001,
	address = {London; New York},
	series = {Foundations of the market economy},
	title = {Time and {Money}: {The} {Macroeconomics} of {Capital} {Structure}},
	shorttitle = {Time and {Money}},
	publisher = {Routledge},
	author = {Garrison, Roger W.},
	year = {2001},
}

@article{hayek_three_1969,
	title = {Three {Elucidations} of the {Ricardo} {Effect}},
	volume = {77},
	url = {https://www.journals.uchicago.edu/doi/10.1086/259514},
	doi = {10.1086/259514},
	number = {2},
	urldate = {2024-10-08},
	journal = {Journal of Political Economy},
	author = {Hayek, F. A.},
	year = {1969},
	note = {Publisher: The University of Chicago Press},
	pages = {274--285},
}

@article{higgs_regime_1997,
	title = {Regime {Uncertainty}: {Why} the {Great} {Depression} {Lasted} {So} {Long} and {Why} {Prosperity} {Resumed} after the {War}},
	volume = {1},
	shorttitle = {Regime {Uncertainty}},
	url = {https://www.jstor.org/stable/24560785},
	number = {4},
	urldate = {2024-10-08},
	journal = {The Independent Review},
	author = {Higgs, Robert},
	year = {1997},
	note = {Publisher: Independent Institute},
	pages = {561--590},
}

@book{keynes_treatise_1921,
	address = {London},
	title = {A {Treatise} on {Probability}},
	url = {https://catalog.hathitrust.org/api/volumes/oclc/182544.html},
	urldate = {2024-10-08},
	publisher = {Macmillan and Co.},
	author = {Keynes, John Maynard},
	year = {1921},
}

@book{knight_risk_1971,
	address = {Chicago},
	title = {Risk, {Uncertainty} and {Profit}},
	publisher = {University of Chicago Press},
	author = {Knight, Frank H.},
	year = {1971},
}

@article{kruger_probability_1986,
	title = {Probability as a {Theoretical} {Concept} in {Physics}},
	volume = {1986},
	url = {https://www.cambridge.org/core/product/identifier/S0270864700003106/type/journal_article},
	doi = {10.1086/psaprocbienmeetp.1986.2.192806},
	number = {2},
	urldate = {2024-10-08},
	journal = {PSA: Proceedings of the Biennial Meeting of the Philosophy of Science Association},
	author = {Krüger, Lorenz},
	year = {1986},
	pages = {273--287},
}

@article{lachmann_mises_1976,
	title = {From {Mises} to {Shackle}: {An} {Essay} on {Austrian} {Economics} and the {Kaleidic} {Society}},
	volume = {14},
	shorttitle = {From {Mises} to {Shackle}},
	url = {https://www.jstor.org/stable/2722803},
	number = {1},
	urldate = {2024-10-08},
	journal = {Journal of Economic Literature},
	author = {Lachmann, Ludwig M.},
	year = {1976},
	note = {Publisher: American Economic Association},
	pages = {54--62},
}

@article{lucas_understanding_1977,
	title = {Understanding business cycles},
	volume = {5},
	url = {https://www.sciencedirect.com/science/article/pii/0167223177900021},
	doi = {10.1016/0167-2231(77)90002-1},
	urldate = {2024-10-08},
	journal = {Carnegie-Rochester Conference Series on Public Policy},
	author = {Lucas, Robert E},
	year = {1977},
	pages = {7--29},
}

@techreport{mcgrattan_1929_2003,
	address = {Minneapolis},
	title = {The 1929 {Stock} {Market}: {Irving} {Fisher} {Was} {Right}},
	url = {https://core.ac.uk/download/pdf/6717612.pdf},
	urldate = {2024-10-08},
	institution = {Federal Reserve Bank of Minneapolis},
	author = {McGrattan, Ellen R and Prescott, Edward C},
	year = {2003},
}

@book{mises_probability_1957,
	address = {New York},
	edition = {2d rev. English ed.},
	title = {Probability, {Statistics} and {Truth}},
	publisher = {Macmillan Co.},
	author = {Mises, Richard von},
	editor = {Geiringer, Hilda},
	year = {1957},
}

@book{mises_human_1966,
	address = {Chicago},
	edition = {3., rev. ed},
	title = {Human {Action}: {A} {Treatise} on {Economics}},
	shorttitle = {Human {Action}},
	publisher = {Regnery},
	author = {Mises, Ludwig von},
	year = {1966},
}

@article{phelps_money-wage_1968,
	title = {Money-{Wage} {Dynamics} and {Labor}-{Market} {Equilibrium}},
	volume = {76},
	url = {https://www.journals.uchicago.edu/doi/10.1086/259438},
	doi = {10.1086/259438},
	number = {4, Part 2},
	urldate = {2024-10-08},
	journal = {Journal of Political Economy},
	author = {Phelps, Edmund S.},
	year = {1968},
	note = {Publisher: The University of Chicago Press},
	pages = {678--711},
}

@book{salmon_foundations_1967,
	address = {Pittsburgh},
	title = {The {Foundations} of {Scientific} {Inference}},
	url = {https://www.jstor.org/stable/10.2307/j.ctt5hjqm2},
	urldate = {2024-10-08},
	publisher = {University of Pittsburgh Press},
	author = {Salmon, Wesley C.},
	year = {1967},
	doi = {10.2307/j.ctt5hjqm2},
}

@book{shackle_epistemics_1972,
	address = {Cambridge},
	title = {Epistemics \& {Economics}: {A} {Critique} of {Economic} {Doctrines}},
	shorttitle = {Epistemics \& {Economics}},
	publisher = {Cambrdige University Press},
	author = {Shackle, George L. S.},
	year = {1972},
}

@article{stiglitz_implications_2002,
	title = {Implications of the {New} {Fannie} {Mae} and {Freddie} {Mac} {Risk}-based {Capital} {Standard}},
	volume = {1},
	number = {2},
	journal = {Fannie Mae Papers},
	author = {Stiglitz, Joseph E and Orszag, Jonathan M and Orszag, Peter R},
	year = {2002},
	pages = {1--10},
}

@book{taleb_black_2007,
	address = {New York},
	title = {The {Black} {Swan}: {The} {Impact} of the {Highly} {Improbable}},
	shorttitle = {The {Black} {Swan}},
	publisher = {Random House},
	author = {Taleb, Nassim Nicholas},
	year = {2007},
}

@article{tucker_max_1965,
	title = {Max {Weber}'s \textit{{Verstehen}}},
	volume = {6},
	doi = {10.1111/j.1533-8525.1965.tb01649.x},
	number = {2},
	journal = {The Sociological Quarterly},
	author = {Tucker, William T.},
	year = {1965},
	pages = {157--164},
}

@techreport{hauwe_john_2007,
	title = {John {Maynard} {Keynes} and {Ludwig} von {Mises} on {Probability}},
	url = {https://publicacion-digital.procesosdemercado.com/index.php/inicio/article/view/315},
	urldate = {2024-10-08},
	institution = {MPRA - Munich Personal RePEc Archive},
	author = {Hauwe, Ludwig van den},
	year = {2007},
	pages = {1--46},
}

@book{wicksell_interest_1962,
	address = {New York},
	title = {Interest and {Prices} (geldzins und {Güterpreise}) a {Study} of the {Causes} {Regulating} the {Value} of {Money}},
	publisher = {A. Kelley},
	author = {Wicksell, Knut},
	translator = {Kahn, R. F.},
	year = {1962},
}
