
@article{block_robert_1980,
	title = {On {Robert} {Nozick}'s ‘{On} {Austrian} methodology’},
	volume = {23},
	url = {https://doi.org/10.1080/00201748008601918},
	doi = {10.1080/00201748008601918},
	number = {4},
	urldate = {2021-12-20},
	journal = {Inquiry},
	author = {Block, Walter E.},
	year = {1980},
	note = {Publisher: Routledge},
	pages = {397--444},
}

@article{block_austrian_1999,
	title = {Austrian theorizing: {Recalling} the foundations},
	volume = {2},
	shorttitle = {Austrian theorizing},
	url = {http://link.springer.com/10.1007/s12113-999-1029-4},
	doi = {10.1007/s12113-999-1029-4},
	number = {4},
	urldate = {2021-12-20},
	journal = {The Quarterly Journal of Austrian Economics},
	author = {Block, Walter E.},
	year = {1999},
	pages = {21--40},
}

@article{block_rejoinder_2009,
	title = {Rejoinder to {Hoppe} on {Indifference}},
	volume = {12},
	url = {http://mises.org/journals/qjae/pdf/qjae12_1_4.pdf},
	number = {1},
	urldate = {2022-09-15},
	journal = {The Quarterly Journal of Austrian Economics},
	author = {Block, Walter E.},
	year = {2009},
	pages = {52--59},
}

@article{block_rejoinder_2009-1,
	title = {Rejoinder to {Machaj} on Indiﬀerence},
	volume = {5},
	number = {1},
	author = {Block, Walter E.},
	journal = {New Perspectives on Political Economy},
	year = {2009},
	pages = {65--71},
}

@article{block_rejoinder_2010,
	title = {Rejoinder to {Hoppe} on indifference, once again},
	volume = {32},
	url = {http://reasonpapers.com/pdf/32/rp_32_9.pdf},
	urldate = {2022-09-15},
	journal = {Reason Papers},
	author = {Block, Walter E. and Barnett II, William},
	year = {2010},
	note = {Publisher: Reason Papers},
	pages = {141--154},
}

@article{hoppe_must_2005,
	title = {Must {Austrians} embrace indifference?},
	volume = {8},
	url = {https://mises.org/library/must-austrians-embrace-indifference},
	number = {4},
	urldate = {2022-09-15},
	journal = {Quarterly Journal of Austrian Economics},
	author = {Hoppe, Hans-Hermann},
	year = {2005},
	pages = {87--91},
}

@article{nozick_austrian_1977,
	title = {On {Austrian} {Methodology}},
	volume = {36},
	url = {https://doi.org/10.1007/BF00486025},
	doi = {10.1007/bf00486025},
	number = {3},
	urldate = {2021-12-20},
	journal = {Synthese},
	author = {Nozick, Robert},
	year = {1977},
	note = {Publisher: Springer},
	pages = {353--392},
}

@book{rothbard_man_2009,
	address = {Auburn AL},
	edition = {2},
	title = {Man, {Economy}, and {State}: {A} {Treatise} on {Economic} {Principles}; with {Power} and {Market}: {Government} and the {Economy}},
	shorttitle = {Man, {Economy}, and {State}},
	publisher = {Ludwig von Mises Institute},
	author = {Rothbard, Murray},
	year = {2009},
}

@article{wysocki_problem_2021,
	title = {The problem of indifference and homogeneity in {Austrian} economics: {Nozick}’s challenge revisited},
	shorttitle = {The problem of indifference and homogeneity in {Austrian} economics},
	url = {https://zfn.edu.pl/index.php/zfn/article/view/554},
	number = {71},
	urldate = {2022-01-24},
	journal = {Philosophical Problems in Science (Zagadnienia Filozoficzne w Nauce)},
	author = {Wysocki, Igor},
	year = {2021},
	note = {Section: Articles},
	pages = {9--44},
}

@article{block_response_2012,
	title = {Response to {Ben} {O}’{Neill} on indifference},
	url = {https://dlib.uni-svishtov.bg/bitstream/handle/10610/2380/DialogueBook2eng2012_76_93.pdf},
	number = {2},
	urldate = {2022-09-15},
	journal = {Dialogue},
	author = {Block, Walter E.},
	year = {2012},
	note = {Publisher: АИ" Ценов"},
	pages = {76--93},
}

@article{hoppe_further_2009,
	title = {Further {Notes} on {Preference} and {Indifference}: {Rejoinder} to {Block}},
	volume = {12},
	url = {https://cdn.mises.org/qjae12_1_5.pdf},
	number = {1},
	urldate = {2022-09-15},
	journal = {The Quarterly Journal of Austrian Economics},
	author = {Hoppe, Hans-Hermann},
	year = {2009},
	pages = {60--64},
}

@article{wysocki_homogeneity_2019,
	title = {Homogeneity, {Heterogeneity}, the {Supply} {Curve}, and {Consumer} {Theory}},
	volume = {21},
	url = {https://qjae.scholasticahq.com/article/7807-homogeneity-heterogeneity-the-supply-curve-and-consumer-theory},
	doi = {10.35297/qja.010004},
	number = {4},
	urldate = {2022-09-15},
	journal = {Quarterly Journal of Austrian Economics},
	author = {Wysocki, Igor and Block, Walter},
	year = {2019},
	pages = {398--416},
}

@article{wysocki_analysis_2018,
	title = {An analysis of the supply curve: does it depict homogeneity among its constituent elements? {Another} rejoinder to {Nozick}},
	volume = {6},
	shorttitle = {An analysis of the supply curve},
	url = {http://mest.meste.org/MEST_1_2018/11_14.pdf},
	doi = {10.12709/mest.06.06.01.14},
	number = {1},
	urldate = {2022-09-15},
	journal = {MEST Journal},
	author = {Wysocki, Igor and Block, Walter},
	editor = {Cekerevac, Zoran},
	year = {2018},
	pages = {132--143},
}

@book{mises_human_1998,
	address = {Auburn AL},
	edition = {Scholar's ed.},
	title = {Human {Action}: {A} {Treatise} on {Economics}},
	shorttitle = {Human {Action}},
	publisher = {Ludwig von Mises Institute},
	author = {Mises, Ludwig von},
	year = {1998},
	note = {OCLC: ocm40712873},
}

@article{wysocki_indifference_2016,
	title = {Indifference – in defense of orthodoxy},
	url = {https://apcz.umk.pl/SeI/article/view/SEI.2016.002},
	doi = {10.12775/SEI.2016.002},
	number = {5},
	urldate = {2023-01-09},
	journal = {Societas et Ius},
	author = {Wysocki, Igor},
	year = {2016},
	note = {Number: 5},
	pages = {15--30},
}

@article{wysocki_note_2017,
	title = {A {Note} on {Block}-{Hoppe} {Debate} on {Indifference}},
	volume = {20},
	url = {https://mises.org/library/note-block-hoppe-debate-indifference},
	number = {4},
	urldate = {2023-01-09},
	journal = {The Quarterly Journal of Austrian Economics},
	author = {Wysocki, Igor},
	year = {2017},
	pages = {360--365},
}

@article{caplan_austrian_1999,
	title = {The {Austrian} {Search} for {Realistic} {Foundations}},
	volume = {65},
	url = {https://www.jstor.org/stable/1061278},
	doi = {10.2307/1061278},
	number = {4},
	urldate = {2024-04-16},
	journal = {Southern Economic Journal},
	author = {Caplan, Bryan},
	year = {1999},
	note = {Publisher: Southern Economic Association},
	pages = {823--838},
}

@incollection{rothbard_toward_2011,
	address = {Auburn, AL},
	series = {Economists of the twentieth century},
	title = {Toward a {Reconstruction} of {Utility} and {Welfare} {Economics}},
	url = {https://mises.org/library/toward-reconstruction-utility-and-welfare-economics-1},
	booktitle = {The {Logic} of {Action}: {I}. {Method}, {Money}, and the {Austrian} {School}},
	publisher = {Ludwig von Mises Institute},
	author = {Rothbard, Murray},
	year = {2011},
	pages = {289--333},
}

@article{wysocki_rothbards_2019,
	title = {Rothbard’s {Welfare} {Theory}: {Some} {Support}},
	volume = {15},
	shorttitle = {Rothbard’s {Welfare} {Theory}},
	url = {https://nppe.eu/journal/article/view/112},
	doi = {10.62374/jbdvra16},
	number = {1-2},
	urldate = {2024-09-20},
	journal = {New Perspectives on Political Economy},
	author = {Wysocki, Igor and Block, Walter E. and Dominiak, Łukasz},
	year = {2019},
	pages = {18--35},
}

@article{hoppe_note_2005,
	title = {A {Note} on {Preference} and {Indifference} in {Economic} {Analysis}},
	volume = {8},
	url = {https://cdn.mises.org/qjae8_4_6.pdf},
	number = {4},
	urldate = {2024-09-20},
	journal = {Quarterly Journal of Austrian Economics,},
	author = {Hoppe, Hans-Hermann},
	year = {2005},
	pages = {87--91},
}

@article{block_response_2022,
	title = {Response to {Wysocki} on indifference},
	url = {https://zfn.edu.pl/index.php/zfn/article/view/578},
	number = {72},
	urldate = {2024-09-25},
	journal = {Philosophical Problems in Science (Zagadnienia Filozoficzne w Nauce)},
	author = {Block, Walter},
	year = {2022},
	note = {Number: 72},
	pages = {37--62},
}

@article{barnett_modern_2003,
	title = {The modern theory of consumer behavior: {Ordinal} or cardinal?},
	volume = {6},
	shorttitle = {The modern theory of consumer behavior},
	url = {https://doi.org/10.1007/s12113-003-1012-4},
	doi = {10.1007/s12113-003-1012-4},
	number = {1},
	urldate = {2024-09-25},
	journal = {The Quarterly Journal of Austrian Economics},
	author = {Barnett, William},
	year = {2003},
	pages = {41--65},
}

@article{block_realism_2003,
	title = {Realism: {Austrian} vs. {Neoclassical} {Economics}, {Reply} to {Caplan}},
	volume = {6},
	shorttitle = {Realism},
	url = {https://doi.org/10.1007/s12113-003-1024-0},
	doi = {10.1007/s12113-003-1024-0},
	number = {3},
	urldate = {2024-09-25},
	journal = {The Quarterly Journal of Austrian Economics},
	author = {Block, Walter E.},
	year = {2003},
	pages = {63--76},
}

@article{block_reply_2007,
	title = {Reply to {Caplan} on {Austrian} economic methodology},
	volume = {4},
	url = {http://virtusinterpress.org/REPLY-TO-CAPLAN-ON-AUSTRIAN.html},
	doi = {10.22495/cocv4i3c2p8},
	number = {3},
	urldate = {2024-09-25},
	journal = {Corporate Ownership and Control},
	author = {Block, Walter},
	year = {2007},
	pages = {312--322},
}

@article{block_rejoinder_2019,
	title = {Rejoinder to {Wysocki} on {Indifference} and the {Block}-{Hoppe} {Debate}},
	volume = {4},
	url = {https://www2.uni-svishtov.bg/dialog/title.asp?lang=en&title=1461},
	urldate = {2024-09-25},
	journal = {Dialogue},
	author = {Block, Walter E.},
	year = {2019},
	pages = {1--7},
}

@article{block_defense_2018,
	title = {A defense of {Rothbard} on the demand curve against {Hudik}’s critique},
	volume = {4},
	url = {https://hrcak.srce.hr/clanak/296319},
	doi = {10.1515/aet-2018-0004},
	number = {1},
	urldate = {2024-09-25},
	journal = {Acta Economica et Turistica},
	author = {Block, Walter and Wysocki, Igor},
	year = {2018},
	note = {Publisher: Libertas međunarodno sveučilište},
	pages = {47--61},
}

@misc{caplan_why_nodate,
	title = {Why {I} {Am} {Not} an {Austrian} {Economist}},
	url = {https://econfaculty.gmu.edu/bcaplan/whyaust.htm},
	urldate = {2024-09-25},
	journal = {Bryan Caplan Homepage},
	author = {Caplan, Bryan},
}

@article{caplan_probability_2001,
	title = {Probability, {Common} {Sense}, and {Realism}: {A} {Reply} to {Hülsmann} and {Block}},
	volume = {4},
	number = {2},
	journal = {Quarterly Journal of Austrian Economics},
	author = {Caplan, Bryan},
	year = {2001},
	pages = {69--86},
}

@article{caplan_probability_2003,
	title = {Probability and the synthetic a {Priori}: {A} reply to block},
	volume = {6},
	shorttitle = {Probability and the synthetic a {Priori}},
	url = {https://doi.org/10.1007/s12113-003-1025-z},
	doi = {10.1007/s12113-003-1025-z},
	number = {3},
	urldate = {2024-09-25},
	journal = {The Quarterly Journal of Austrian Economics},
	author = {Caplan, Bryan},
	year = {2003},
	pages = {77--83},
}

@misc{caplan_trojan_2008,
	title = {The {Trojan} {Horse} {Example}},
	url = {https://www.econlib.org/archives/2008/06/the_trojan_hors.html},
	urldate = {2024-09-25},
	journal = {Econlib},
	author = {Caplan, Bryan},
	year = {2008},
}

@article{hulsmann_economic_1999,
	title = {Economic science and neoclassicism},
	volume = {2},
	url = {https://doi.org/10.1007/s12113-999-1028-5},
	doi = {10.1007/s12113-999-1028-5},
	number = {4},
	urldate = {2024-09-25},
	journal = {The Quarterly Journal of Austrian Economics},
	author = {Hülsmann, Jörg Guido},
	year = {1999},
	pages = {3--20},
}

@article{machaj_praxeological_2007,
	title = {A {Praxeological} {Case} for {Homogeneity} and {Indifference}},
	volume = {3},
	url = {https://nppe.eu/journal/article/view/48},
	doi = {10.62374/b94z8y61},
	number = {2},
	urldate = {2024-09-25},
	journal = {New Perspectives on Political Economy},
	author = {Machaj, Mateusz},
	year = {2007},
	pages = {231--238},
}

@article{oneill_choice_2010,
	title = {Choice and {Indifference}: {A} {Critique} of the {Strict} {Preference} {Approach}},
	volume = {13},
	shorttitle = {Choice and {Indifference}},
	number = {1},
	journal = {Quarterly Journal of Austrian Economics},
	author = {O'Neill, Ben},
	year = {2010},
	pages = {71--98},
}

@article{sotelo_indifference_2014,
	title = {Indifference {Curve} {Analysis}: {The} {Correct} and the {Incorrect}},
	volume = {5},
	shorttitle = {Indifference {Curve} {Analysis}},
	url = {https://apcz.umk.pl/OeC/article/view/OeC.2014.025},
	doi = {10.12775/OeC.2014.025},
	number = {4},
	urldate = {2024-09-25},
	journal = {Oeconomia Copernicana},
	author = {Sotelo, José Antonio Manuel Aguirre and Block, Walter E.},
	year = {2014},
	note = {Number: 4},
	pages = {7--43},
}

@article{wysocki_rejoinder_2024,
	title = {Rejoinder to {Block} on {Indifference}},
	number = {76},
	journal = {Philosophical Problems in Science (Zagadnienia Filozoficzne w Nauce)},
	author = {Wysocki, Igor},
	year = {2024},
	doi = {10.59203/zfn.76.624},
	pages = {\pageref{wysocki-rejoinder-firstpage}--\pageref{wysocki-rejoinder-lastpage}},
}

@article{wysocki_caplan_2017,
	title = {Caplan on {Probability}: {A} {Critique}},
	volume = {3},
	shorttitle = {Caplan on {Probability}},
	url = {https://econpapers.repec.org/article/datdialog/y_3a2017_3ai_3a3_3ap_3a1-11.htm},
	urldate = {2024-09-25},
	journal = {Dialogue},
	author = {Wysocki, Igor and Block, Walter},
	year = {2017},
	note = {Publisher: D. A. Tsenov Academy of Economics, Svishtov, Bulgaria},
	pages = {1--11},
}

@article{wysocki_giffen_2018,
	title = {The {Giffen} good — a praxeological approach},
	volume = {24},
	url = {http://wuwr.pl/ekon/article/view/8493},
	doi = {10.19195/2084-4093.24.2.1},
	number = {2},
	urldate = {2024-09-25},
	journal = {Ekonomia},
	author = {Wysocki, Igor and Block, Walter E.},
	year = {2018},
	pages = {9--22},
}

@article{wysocki_crovelli_2020,
	title = {Crovelli on {Probability}: {A} {Critique}\enlargethispage{1.5\baselineskip}},
	volume = {17},
	shorttitle = {Crovelli on {Probability}},
	url = {https://www.procesosdemercado.com/index.php/inicio/article/view/104},
	doi = {10.52195/pm.v17i2.104},
	number = {2},
	urldate = {2024-09-25},
	journal = {Revista Procesos de Mercado},
	author = {Wysocki, Igor and Block, Walter},
	year = {2020},
	pages = {245--272},
}

@article{wysocki_rejoinder_2022,
	title = {A {Rejoinder} to {Crovelli}’s “{The} {Courtiers} of {Confusion}”},
	url = {https://www.procesosdemercado.com/index.php/inicio/article/view/822},
	doi = {10.52195/pm.v19i2.822},
	urldate = {2024-09-25},
	journal = {Revista Procesos de Mercado},
	author = {Wysocki, Igor and Block, Walter E.},
	year = {2022},
}
