
@article{block_austrian_1999,
	title = {Austrian {Theorizing}: {Recalling} the {Foundations}},
	volume = {2},
	shorttitle = {Austrian {Theorizing}},
	url = {http://link.springer.com/10.1007/s12113-999-1029-4},
	doi = {10.1007/s12113-999-1029-4},
	number = {4},
	urldate = {2021-12-20},
	journal = {The Quarterly Journal of Austrian Economics},
	author = {Block, Walter E.},
	year = {1999},
	pages = {21--40},
}

@article{hulsmann_facts_2003,
	title = {Facts and {Counterfactuals} in {Economic} {Law}},
	volume = {17},
	url = {https://mises.org/library/facts-and-counterfactuals-economic-law-1},
	number = {1},
	urldate = {2023-01-09},
	journal = {Journal of Libertarian Studies},
	author = {Hülsmann, Jörg Guido},
	year = {2003},
	pages = {57--102},
}

@article{caplan_austrian_1999,
	title = {The {Austrian} {Search} for {Realistic} {Foundations}},
	volume = {65},
	url = {https://www.jstor.org/stable/1061278},
	doi = {10.2307/1061278},
	number = {4},
	urldate = {2024-04-16},
	journal = {Southern Economic Journal},
	author = {Caplan, Bryan},
	year = {1999},
	note = {Publisher: Southern Economic Association},
	pages = {823--838},
}

@article{kvasnicka_rothbards_2008,
	title = {Rothbard's {Welfare} {Theory}: {A} {Critique}},
	volume = {4},
	shorttitle = {Rothbard's {Welfare} {Theory}},
	number = {1},
	journal = {New Perspectives on Political Economy},
	author = {Kvasnička, Michal},
	year = {2008},
	pages = {41--52},
}

@book{rothbard_for_2006,
	address = {Auburn AL},
	title = {For a {New} {Liberty}: {The} {Libertarian} {Manifesto}},
	urldate = {2024-10-08},
	publisher = {Ludwig von Mises Institute},
	author = {Rothbard, Murray},
	year = {2006},
}

@book{rothbard_ethics_1998,
	address = {New York},
	title = {The {Ethics} of {Liberty}},
	publisher = {New York University Press},
	author = {Rothbard, Murray},
	year = {1998},
}

@incollection{rothbard_praxeology_1997,
	address = {Cheltenham},
	title = {Praxeology, {Value} {Judgements}, and {Public} {Policy}},
	url = {https://oll-resources.s3.us-east-2.amazonaws.com/oll3/store/titles/104/0724_Bk_Sm.pdf},
	urldate = {2024-04-16},
	booktitle = {The {Logic} of {Action} {One}: {Method}, {Money}, and the {Austrian} {School}},
	publisher = {Edward Elgar},
	author = {Rothbard, Murray},
	year = {1997},
	pages = {78--99},
}

@incollection{rothbard_toward_2011,
	address = {Auburn, AL},
	series = {Economists of the twentieth century},
	title = {Toward a {Reconstruction} of {Utility} and {Welfare} {Economics}},
	url = {https://mises.org/library/toward-reconstruction-utility-and-welfare-economics-1},
	booktitle = {The {Logic} of {Action}: {I}. {Method}, {Money}, and the {Austrian} {School}},
	publisher = {Ludwig von Mises Institute},
	author = {Rothbard, Murray},
	year = {2011},
	pages = {289--333},
}

@article{prychitko_formalism_1993,
	title = {Formalism in {Austrian}‐school welfare economics: {Another} pretense of knowledge?},
	volume = {7},
	shorttitle = {Formalism in {Austrian}‐school welfare economics},
	url = {http://www.tandfonline.com/doi/abs/10.1080/08913819308443319},
	doi = {10.1080/08913819308443319},
	number = {4},
	urldate = {2024-09-20},
	journal = {Critical Review},
	author = {Prychitko, David L.},
	year = {1993},
	pages = {567--592},
}

@book{wysocki_austro-libertarian_2021,
	address = {Toruń},
	title = {An {Austro}-{Libertarian} {Theory} of {Voluntariness}: {A} {Critique}},
	shorttitle = {An {Austro}-{Libertarian} {Theory} of {Voluntariness}},
	urldate = {2024-10-07},
	publisher = {Uniwersytet Mikołaja Kopernika w Toruniu. Wydawnictwo Wydziału Nauk o Polityce i Bezpieczeństwie},
	author = {Wysocki, Igor},
	year = {2021},
}

@article{wysocki_rothbards_2019,
	title = {Rothbard’s {Welfare} {Theory}: {Some} {Support}},
	volume = {15},
	shorttitle = {Rothbard’s {Welfare} {Theory}},
	url = {https://nppe.eu/journal/article/view/112},
	doi = {10.62374/jbdvra16},
	number = {1-2},
	urldate = {2024-09-20},
	journal = {New Perspectives on Political Economy},
	author = {Wysocki, Igor and Block, Walter E. and Dominiak, Łukasz},
	year = {2019},
	pages = {18--35},
}

@article{megger_coercion_2023,
	title = {Coercion, voluntary exchange, and the {Austrian} {School} of {Economics}},
	volume = {201},
	url = {https://link.springer.com/10.1007/s11229-022-04005-1},
	doi = {10.1007/s11229-022-04005-1},
	number = {1},
	urldate = {2024-09-20},
	journal = {Synthese},
	author = {Megger, Dawid and Wysocki, Igor},
	year = {2023},
	pages = {8},
}

@book{hoppe_economics_2006,
	address = {Auburn AL},
	edition = {2},
	title = {The {Economics} and {Ethics} of {Private} {Property}},
	publisher = {Ludwig von Mises Institute},
	author = {Hoppe, Hans-Hermann},
	year = {2006},
}

@article{herbener_defense_2008,
	title = {In {Defense} of {Rothbardian} {Welfare} {Economics}},
	volume = {04},
	url = {https://nppe.eu/journal/article/view/53},
	doi = {10.62374/z18cxq72},
	number = {1},
	urldate = {2024-09-20},
	journal = {New Perspectives on Political Economy},
	author = {Herbener, Jeffrey M.},
	year = {2008},
	pages = {53--78},
}

@article{hulsmann_economic_1999,
	title = {Economic {Science} and {Neoclassicism}},
	volume = {2},
	url = {https://doi.org/10.1007/s12113-999-1028-5},
	doi = {10.1007/s12113-999-1028-5},
	number = {4},
	urldate = {2024-09-25},
	journal = {The Quarterly Journal of Austrian Economics},
	author = {Hülsmann, Jörg Guido},
	year = {1999},
	pages = {3--20},
}

@book{cordato_welfare_1992,
	address = {Boston, MA},
	title = {Welfare {Economics} and {Externalities} {In} {An} {Open} {Ended} {Universe}: {A} {Modern} {Austrian} {Perspective}},
	shorttitle = {Welfare {Economics} and {Externalities} {In} {An} {Open} {Ended} {Universe}},
	url = {http://link.springer.com/10.1007/978-1-4757-2145-4},
	urldate = {2024-10-04},
	publisher = {Kluwer Academic Publishers},
	author = {Cordato, Roy E.},
	year = {1992},
	doi = {10.1007/978-1-4757-2145-4},
}

@article{dominiak_problem_2017,
	title = {Problem dobrowolnego niewolnictwa w filozofii politycznej libertarianizmu},
	volume = {54},
	url = {https://czasopisma.marszalek.com.pl/pl/10-15804/athena/3591-apsp2017204},
	number = {1},
	urldate = {2024-10-07},
	journal = {Athenaeum Polskie Studia Politologiczne},
	author = {Dominiak, Łukasz},
	year = {2017},
	pages = {61--84},
}

@article{dominiak_libertarianism_2018,
	title = {Libertarianism, {Freedom} and the {Problem} of {Circularity}},
	volume = {59},
	url = {https://czasopisma.marszalek.com.pl/en/10-15804/athena/527-apsp-2018/737-apsp20183/2851-apsp2018301},
	number = {1},
	urldate = {2024-10-07},
	journal = {Athenaeum Polskie Studia Politologiczne},
	author = {Dominiak, Łukasz},
	year = {2018},
	pages = {7--17},
}

@article{block_toward_2003,
	title = {Toward a {Libertarian} {Theory} of {Inalienability}: {A} {Critique} of {Rothbard}, {Barnett}, {Smith}, {Kinsella}, {Gordon}, and {Epstein}},
	volume = {17},
	shorttitle = {Toward a {Libertarian} {Theory} of {Inalienability}},
	number = {2},
	journal = {Journal of Libertarian Studies},
	author = {Block, Walter E.},
	year = {2003},
	note = {Publisher: Ludwig von Mises Institute},
	pages = {39--86},
}

@article{casey_can_2011,
	title = {Can you own yourself?},
	volume = {10},
	journal = {Analysis and Metaphysics},
	author = {Casey, Gerard},
	year = {2011},
	pages = {60--66},
}

@article{dominiak_unjust_2022,
	title = {Unjust {Enrichment} {And} {Libertarianism}},
	volume = {10},
	url = {https://www.sciendo.com/article/10.2478/ppsr-2022-0009},
	doi = {10.2478/ppsr-2022-0009},
	number = {2},
	urldate = {2024-10-07},
	journal = {Polish Political Science Review},
	author = {Dominiak, Łukasz},
	year = {2022},
	pages = {1--13},
}

@article{dominiak_proceeds_2023,
	title = {Proceeds of {Crime}, {Punishment}, and {Libertarianism}},
	volume = {35},
	url = {https://archiwum.ivr.org.pl/6041/proceeds-of-crime-punishment-and-libertarianism/},
	doi = {10.36280//AFPiFS.2023.2.20},
	number = {2},
	urldate = {2024-10-07},
	journal = {Archiwum Filozofii Prawa i Filozofii Społecznej},
	author = {Dominiak, Łukasz},
	year = {2023},
	pages = {20--33},
}

@article{dominiak_contract_2022,
	title = {Contract {Theory}, {Title} {Transfer}, and {Libertarianism}},
	volume = {19},
	url = {https://diametros.uj.edu.pl/diametros/article/view/1800},
	doi = {10.33392/diam.1800},
	number = {72},
	urldate = {2024-10-07},
	journal = {Diametros},
	author = {Dominiak, Łukasz and Fegley, Tate},
	year = {2022},
	pages = {1--25},
}

@article{gordon_toward_1993,
	title = {Toward a deconstruction of utility and welfare economics},
	volume = {6},
	url = {https://doi.org/10.1007/BF00842706},
	doi = {10.1007/BF00842706},
	number = {2},
	urldate = {2024-10-07},
	journal = {The Review of Austrian Economics},
	author = {Gordon, David},
	year = {1993},
	pages = {99--112},
}

@article{herbener_pareto_1997,
	title = {The {Pareto} rule and welfare economics},
	volume = {10},
	url = {https://doi.org/10.1007/BF02538144},
	doi = {10.1007/BF02538144},
	number = {1},
	urldate = {2024-10-07},
	journal = {The Review of Austrian Economics},
	author = {Herbener, Jeffrey M.},
	year = {1997},
	pages = {79--106},
}

@incollection{holcombe_murray_1999,
	address = {Auburn, AL},
	title = {Murray {N}. {Rothbard}: {Economics}, {Science}, and {Liberty}},
	booktitle = {15 {Great} {Austrian} {Economists}},
	publisher = {Ludwig von Mises Institute},
	author = {Hoppe, Hans-Hermann},
	editor = {Holcombe, Randall G.},
	year = {1999},
	pages = {223--244},
}

@book{hulsmann_wirtschaft_2023,
	address = {Lüdinghausen},
	title = {Die {Wirtschaft} und das {Unentgeltliche}: kostenlose {Güter} zwischen {Kapitalismus} und {Staat}},
	shorttitle = {Die {Wirtschaft} und das {Unentgeltliche}},
	publisher = {Landtverlag},
	author = {Hülsmann, Jörg Guido},
	year = {2023},
}

@article{machaj_counterfactuals_2012,
	title = {In {Counterfactuals} {We}'re {All} {Dead}},
	volume = {15},
	url = {https://cdn.mises.org/qjae15_4_14.pdf},
	number = {4},
	urldate = {2024-10-07},
	journal = {Quarterly Journal of Austrian Economics},
	author = {Machaj, Mateusz},
	year = {2012},
	note = {Publisher: Citeseer},
	pages = {443--455},
}

@article{samuelson_empirical_1938,
	title = {The {Empirical} {Implications} of {Utility} {Analysis}},
	volume = {6},
	url = {https://www.jstor.org/stable/1905411},
	doi = {10.2307/1905411},
	number = {4},
	urldate = {2024-10-07},
	journal = {Econometrica},
	author = {Samuelson, Paul A.},
	year = {1938},
	note = {Publisher: [Wiley, Econometric Society]},
	pages = {344--356},
}

@article{wysocki_problems_2020,
	title = {Problems {With} the {Notion} of {Freedom} and {Voluntariness} in {Right} {Libertarianism}},
	volume = {9},
	url = {https://www.sciendo.com/article/10.2478/sh-2020-0021},
	doi = {10.2478/sh-2020-0021},
	number = {2},
	urldate = {2024-10-07},
	journal = {Studia Humana},
	author = {Wysocki, Igor},
	year = {2020},
	pages = {127--134},
}

@article{wysocki_how_2023,
	title = {How {Does} {Justice} {Relate} to {Economic} {Welfare}? {A} {Case} {Against} {Austro}-{Libertarian} {Welfare} {Economics}},
	volume = {23},
	shorttitle = {How {Does} {Justice} {Relate} to {Economic} {Welfare}?},
	url = {https://hrcak.srce.hr/301248},
	doi = {10.52685/cjp.23.67.3},
	number = {67},
	urldate = {2024-10-07},
	journal = {Croatian Journal of Philosophy},
	author = {Wysocki, Igor and Dominiak, Łukasz},
	year = {2023},
	note = {Publisher: Institut za filozofiju},
	pages = {51--67},
}

@article{wysocki_social_2024,
	title = {Social {welfare}, {interventionism}, and {indeterminacy}: {In} {defense} of {Rothbard}},
	number = {76},
	journal = {Philosophical Problems in Science (Zagadnienia Filozoficzne w Nauce)},
	author = {Wysocki, Igor and Dominiak, Łukasz},
	year = {2024},
	pages = {\pageref{wysocki-first}--\pageref{wysocki-last}},
}

@article{wysocki_austrian_2019,
	title = {Austrian welfare economics: {A} critical approach},
	volume = {25},
	shorttitle = {Austrian welfare economics},
	url = {http://wuwr.pl/ekon/article/view/8524},
	doi = {10.19195/2084-4093.25.1.5},
	number = {1},
	urldate = {2024-10-07},
	journal = {Ekonomia},
	author = {Wysocki, Igor and Megger, Dawid},
	year = {2019},
	pages = {73--80},
}

@article{wysocki_rejoinder_2020,
	title = {Rejoinder to {Wiśniewski} on the {Austrian} welfare economics},
	volume = {26},
	shorttitle = {Austrian welfare economics},
	url = {https://wuwr.pl/ekon/article/view/11953},
	doi = {10.19195/2658-1310.26.2.6},
	number = {2},
	urldate = {2024-10-07},
	journal = {Ekonomia},
	author = {Wysocki, Igor and Megger, Dawid},
	year = {2020},
	pages = {103--109},
}
