
@book{weber_methodology_1949,
	address = {Glencoe},
	title = {The {Methodology} of the {Social} {Sciences}},
	publisher = {The Free Press},
	author = {Weber, M.},
	translator = {Shils, E. and Finch, H.},
	year = {1949},
}

@book{rothbard_man_2009,
	address = {Auburn AL},
	edition = {2},
	title = {Man, {Economy}, and {State}: {A} {Treatise} on {Economic} {Principles}; with {Power} and {Market}: {Government} and the {Economy}},
	shorttitle = {Man, {Economy}, and {State}},
	publisher = {Ludwig von Mises Institute},
	author = {Rothbard, Murray N.},
	year = {2009},
}

@book{mises_human_1998,
	address = {Auburn AL},
	edition = {Scholar's ed.},
	title = {Human {Action}: {A} {Treatise} on {Economics}},
	shorttitle = {Human {Action}},
	publisher = {Ludwig von Mises Institute},
	author = {Mises, Ludwig von},
	year = {1998},
	note = {OCLC: ocm40712873},
}

@book{mises_epistemological_2003,
	address = {Auburn, Alabama},
	edition = {3rd},
	title = {Epistemological {Problems} of {Economics}},
	url = {https://mises.org/library/epistemological-problems-economics},
	urldate = {2023-01-09},
	publisher = {Ludwig von Mises Institute},
	author = {Mises, Ludwig von},
	translator = {Reisman, George},
	year = {2003},
}

@book{hoppe_democracy_2007,
	address = {New Brunswick, NJ},
	title = {Democracy - the {God} {That} {Failed}: {The} {Economics} and {Politics} of {Monarchy}, {Democracy} and {Natural} {Order}},
	shorttitle = {Democracy - the {God} {That} {Failed}},
	publisher = {Transaction Publishers},
	author = {Hoppe, Hans-Hermann},
	year = {2007},
}

@book{hoppe_economics_2006,
	address = {Auburn AL},
	edition = {2},
	title = {The {Economics} and {Ethics} of {Private} {Property}},
	publisher = {Ludwig von Mises Institute},
	author = {Hoppe, Hans-Hermann},
	year = {2006},
}

@book{mises_theory_2007,
	address = {Auburn AL},
	title = {Theory and {History}: {An} {Interpretation} of {Social} and {Economic} {Evolution}},
	shorttitle = {Theory and {History}},
	publisher = {Ludwig von Mises Institute},
	author = {Mises, Ludwig von},
	year = {2007},
}

@article{block_relationship_2006,
	title = {The relationship between wealth or income and time preference is empirical, not apodictic: a critique of {Rothbard} and {Hoppe}},
	volume = {19},
	shorttitle = {The relationship between wealth or income and time preference is empirical, not apodictic},
	url = {http://link.springer.com/10.1007/s11138-006-6094-8},
	doi = {10.1007/s11138-006-6094-8},
	number = {1},
	urldate = {2024-10-02},
	journal = {The Review of Austrian Economics},
	author = {Block, Walter and Barnett, William and Salerno, Joseph},
	year = {2006},
	pages = {69--80},
}

@article{boettke_austrian_2002,
	title = {Austrian {Economics} and {Public} {Choice}},
	volume = {15},
	url = {http://link.springer.com/10.1023/A:1015783818167},
	doi = {10.1023/A:1015783818167},
	number = {2/3},
	urldate = {2024-10-02},
	journal = {The Review of Austrian Economics},
	author = {Boettke, Peter J. and López, Edward J.},
	year = {2002},
	pages = {111--119},
}

@article{long_realism_2006,
	title = {Realism and {Abstraction} in {Economics}: {Aristotle} and {Mises} {Versus} {Friedman}},
	volume = {9},
	shorttitle = {Realism and {Abstraction} in {Economics}},
	url = {https://doi.org/10.1007/s12113-006-1012-2},
	doi = {10.1007/s12113-006-1012-2},
	number = {3},
	urldate = {2024-10-02},
	journal = {The Quarterly Journal of Austrian Economics},
	author = {Long, Roderick T.},
	year = {2006},
	pages = {3--23},
}

@article{robitaille_ludwig_2019,
	title = {Ludwig von {Mises}, {Sociology}, and {Metatheory}},
	volume = {22},
	url = {https://qjae.mises.org/article/10471-ludwig-von-mises-sociology-and-metatheory},
	doi = {10.35297/qjae.010013},
	number = {2},
	urldate = {2024-10-02},
	journal = {Quarterly Journal of Austrian Economics},
	author = {Robitaille, Christian},
	year = {2019},
	pages = {242--270},
}

@incollection{coyne_problem_2015,
	title = {The {Problem} of {Rationality}: {Austrian} {Economics} between {Classical} {Behaviorism} and {Behavioral} {Economics}},
	shorttitle = {The {Problem} of {Rationality}},
	url = {https://academic.oup.com/edited-volume/38159/chapter/332974683},
	urldate = {2024-10-02},
	booktitle = {The {Oxford} {Handbook} of {Austrian} {Economics}},
	publisher = {Oxford University Press},
	author = {Rizzo, Mario J.},
	editor = {Coyne, Christopher J. and Boettke, Peter},
	collaborator = {Rizzo, Mario J.},
	year = {2015},
	doi = {10.1093/oxfordhb/9780199811762.013.16},
	pages = {363--392},
}

@article{sierpinski_critica_2016,
	title = {Una crítica a la tesis de {Hans}-{Herman} {Hoppe} sobre el menor carácter lesivo de la monarquía frente a la democracia},
	volume = {19},
	url = {http://revistas.ucm.es/index.php/RPUB/article/view/53878},
	doi = {10.5209/RPUB.53878},
	number = {2},
	urldate = {2024-10-02},
	journal = {Res Publica. Revista de Historia de las Ideas Políticas},
	author = {Sierpiński, Jacek},
	year = {2016},
	pages = {521--559},
}

@misc{cirillo_statistical_2015,
	title = {On the {Statistical} {Properties} and {Tail} {Risk} of {Violent} {Conflicts}},
	url = {https://arxiv.org/abs/1505.04722v2},
	urldate = {2024-10-02},
	journal = {arXiv.org},
	author = {Cirillo, Pasquale and Taleb, Nassim Nicholas},
	year = {2015},
	doi = {10.1016/j.physa.2016.01.050},
}

@article{crovelli_toward_2007,
	title = {Toward an {A} {Priori} {Theory} of {International} {Relations}},
	volume = {21},
	number = {4},
	journal = {Journal of Libertarian Studies},
	author = {Crovelli, Mark R},
	year = {2007},
	pages = {101--121},
}

@book{dahl_democracy_1989,
	address = {New Haven; London},
	title = {Democracy and {Its} {Critics}},
	publisher = {Yale University Press},
	author = {Dahl, Robert Alan},
	year = {1989},
}

@incollection{hulsmann_hoppean_2009,
	address = {Auburn, AL},
	title = {Hoppean {Political} {Economy} versus {Public} {Choice}},
	url = {https://mises.org/library/property-freedom-and-society-essays-honor-hans-hermann-hoppe},
	urldate = {2024-08-06},
	booktitle = {Property, {Freedom}, \& {Society}: {Essays} in {Honor} of {Hans}-{Hermann} {Hoppe}},
	publisher = {Ludwig von Mises Institute},
	author = {DiLorenzo, Thomas J.},
	editor = {Hülsmann, Jörg Guido and Kinsella, Stephan},
	year = {2009},
	pages = {271--282},
}

@book{weber_protestant_2001,
	address = {London},
	series = {Routledge classics},
	title = {The {Protestant} {Ethic} and the {Spirit} of {Capitalism}},
	publisher = {Routledge},
	author = {Weber, Max},
	translator = {Parsons, Talcott},
	collaborator = {Giddens, Anthony},
	year = {2001},
}

@article{gabis_hans-hermann_2005,
	title = {Hans-{Hermann} {Hoppe} o monarchii, demokracji i ładzie naturalnym,„},
	volume = {52},
	url = {http://www.tomaszgabis.pl/2011/03/28/hans-hermann-hoppe-o-monarchii-demokracji-i-ladzie-naturalnym/},
	number = {2-3},
	journal = {Pro Fide, Rege et Lege},
	author = {Gabiś, Tomasz},
	year = {2005},
}

@book{gellner_nations_1993,
	address = {Oxford},
	series = {New perspectives on the past},
	title = {Nations and {Nationalism}},
	publisher = {Blackwell},
	author = {Gellner, Ernest},
	year = {1993},
	note = {OCLC: 951570443},
}

@article{megger_krytyczna_2018,
	title = {{Krytyczna} analiza obrony demokracji w filozofii społecznej {Ludwiga} von {Misesa}},
	volume = {80},
	journal = {Pro Fide, Rege et Lege},
	author = {Megger, Dawid},
	year = {2018},
	pages = {73--82},
}

@book{gordon_austro-libertarian_2017,
	address = {Auburn, AL},
	title = {An {Austro}-{Libertarian} {View}: {Essays}: {Vol}. 2. {Political} {Theory}},
	shorttitle = {An {Austro}-{Libertarian} {View}},
	publisher = {Ludwig von Mises Institute},
	author = {Gordon, David},
	year = {2017},
}

@book{henshall_myth_2013,
	address = {London},
	title = {The {Myth} of {Absolutism}: {Change} \& {Continuity} in {Early} {Modern} {European} {Monarchy}},
	shorttitle = {The {Myth} of {Absolutism}},
	publisher = {Routledge},
	author = {Henshall, Nicholas},
	year = {2013},
	doi = {10.4324/9781315845999},
}

@incollection{herbener_introduction_2011,
	address = {Auburn, AL},
	title = {Introduction},
	url = {http://mises.org/resources/6784/The-Pure-TimePreference-Theory-of-Interest},
	urldate = {2024-10-04},
	booktitle = {The {Pure} {Time}-{Preference} {Theory} of {Interest}},
	publisher = {Ludwig von Mises Institute},
	author = {Herbener, Jeffrey M.},
	editor = {Herbener, Jeffrey M.},
	year = {2011},
	note = {OCLC: 772633864},
	pages = {11--58},
}

@book{hoppe_kritik_1983,
	address = {Opladen},
	series = {Studien zur {Sozialwissenschaft} ({Westdeutscher} {Verlag})},
	title = {Kritik der kausalwissenschaftlichen {Sozialforschung}: {Untersuchungen} zur {Grundlegung} von {Soziologie} und Ökonomie},
	shorttitle = {Kritik der kausalwissenschaftlichen {Sozialforschung}},
	publisher = {Westdeutscher Verlag},
	author = {Hoppe, Hans-Hermann},
	year = {1983},
	note = {OCLC: 10432202},
}

@book{hoppe_eigentum_1987,
	address = {Opladen},
	series = {Studien zur {Sozialwissenschaft} ({Westdeutscher} {Verlag})},
	title = {Eigentum, {Anarchie} und {Staat}: {Studien} zur {Theorie} des {Kapitalismus}},
	shorttitle = {Eigentum, {Anarchie} und {Staat}},
	publisher = {Westdeutscher Verlag},
	author = {Hoppe, Hans-Hermann},
	year = {1987},
}

@book{hoppe_economic_2007,
	address = {Auburn, AL},
	edition = {2},
	title = {Economic {Science} and the {Austrian} {Method}},
	publisher = {Ludwig Von Mises Institute},
	author = {Hoppe, Hans-Hermann},
	year = {2007},
	note = {OCLC: 1030312907},
}

@book{hoppe_short_2015,
	address = {Auburn, AL},
	title = {A {Short} {History} of {Man}: {Progress} and {Decline}, an {Austro}-{Libertarian} {Reconstruction}},
	shorttitle = {A {Short} {History} of {Man}},
	publisher = {Ludwig Von Mises Institute},
	author = {Hoppe, Hans-Hermann},
	year = {2015},
}

@book{hoppe_theory_2016,
	address = {Auburn, AL},
	edition = {2},
	title = {A {Theory} of {Socialism} and {Capitalism}},
	publisher = {Ludwig von Mises Institute},
	author = {Hoppe, Hans-Hermann},
	year = {2016},
}

@book{hoppe_great_2021,
	address = {Auburn, AL},
	edition = {2},
	title = {The {Great} {Fiction}: {Property}, {Economy}, {Society}, and the {Politics} of {Decline}},
	shorttitle = {The {Great} {Fiction}},
	publisher = {Ludwig von Mises Institute},
	author = {Hoppe, Hans-Hermann},
	year = {2021},
}

@book{kuninski_myslenie_1980,
	address = {Wrocław},
	series = {Prace {Komisji} {Socjologicznej}},
	title = {Myślenie modelowe w socjologii {Maxa} {Webera}},
	number = {46},
	publisher = {Zakład Narodowy im. Ossolińskich},
	author = {Kuniński, Miłowit},
	year = {1980},
}

@book{linsbichler_was_2017,
	address = {Cham},
	title = {Was {Ludwig} von {Mises} a {Conventionalist}?},
	url = {http://link.springer.com/10.1007/978-3-319-46170-0},
	urldate = {2024-10-04},
	publisher = {Springer International Publishing},
	author = {Linsbichler, Alexander},
	year = {2017},
	doi = {10.1007/978-3-319-46170-0},
}

@incollection{kalita_krytyka_2009,
	address = {Warszawa},
	series = {Biblioteka {Konserwatyzm}.pl},
	title = {Krytyka demokracji w poglądach {Hansa}-{Hermanna} {Hoppego}},
	booktitle = {Krytycy demokracji},
	publisher = {Arte: Klub Zachowawczo-Monarchistyczny},
	author = {Machaj, Łukasz},
	editor = {Kalita, Cezary and Wielomski, Adam},
	year = {2009},
	note = {OCLC: 751398687},
}

@book{mearsheimer_tragedy_2001,
	address = {New York},
	title = {The {Tragedy} of {Great} {Power} {Politics}},
	publisher = {W.W. Norton \& Company},
	author = {Mearsheimer, John J.},
	year = {2001},
}

@book{mearsheimer_great_2018,
	address = {New Haven, CT},
	title = {The {Great} {Delusion}: {Liberal} {Dreams} and {International} {Realities}},
	shorttitle = {The {Great} {Delusion}},
	publisher = {Yale University Press},
	author = {Mearsheimer, John J.},
	year = {2018},
}

@book{mises_bureaucracy_1944,
	address = {New Haven},
	title = {Bureaucracy},
	publisher = {Yale University Press},
	author = {Mises, Ludwig von},
	year = {1944},
}

@book{mises_ultimate_1962,
	address = {Princeton, NJ},
	series = {William {Vilker} {Fund} {Series} in the {Humane} {Studies}},
	title = {The {Ultimate} of {Foundation} of {Economic} {Science}: {An} {Essay} on {Method}},
	shorttitle = {The {Ultimate} of {Foundation} of {Economic} {Science}},
	publisher = {Van Nostrand Comp},
	author = {Mises, Ludwig von},
	year = {1962},
}

@book{mises_liberalism_1985,
	address = {Irvington-on-Hudson, San Francisco},
	edition = {3},
	title = {Liberalism: {In} the {Classical} {Tradition}},
	shorttitle = {Liberalism},
	publisher = {The Foundation for Economic Education: Cobden Press},
	author = {Mises, Ludwig von},
	collaborator = {Raico, Ralph},
	year = {1985},
}

@book{mises_economic_2012,
	address = {Auburn, AL},
	title = {Economic {Calculation} in the {Socialist} {Commonwealth}},
	publisher = {The Ludvig von Mises Institute},
	author = {Mises, Ludwig von},
	year = {2012},
}

@article{nowakowski_dlaczego_2010,
	title = {"{Dlaczego} rządzą źli": o krytyce demokratycznych "zarządców" w filozofii politycznej {Hansa}-{Hermanna} {Hoppego}},
	volume = {13},
	journal = {Dialogi Polityczne/Political Dialogues. Journal of Political Theory},
	author = {Nowakowski, Paweł},
	year = {2010},
	note = {Number Of Volumes: 13},
	pages = {263--278},
}

@book{oppenheimer_state_1922,
	address = {New York},
	title = {The {State}: {Its} {History} and {Development} {Viewed} {Sociologically}},
	publisher = {B.W. Huebsch},
	author = {Oppenheimer, Franz},
	year = {1922},
}

@book{pinker_better_2012,
	address = {London},
	edition = {Repr},
	title = {The {Better} {Angels} of {Our} {Nature}: {A} {History} of {Violence} and {Humanity}},
	shorttitle = {The {Better} {Angels} of {Our} {Nature}},
	publisher = {Penguin Books},
	author = {Pinker, Steven},
	year = {2012},
	note = {OCLC: 924894146},
}

@incollection{hoppe_is_2003,
	address = {Auburn, AL},
	title = {Is {Democracy} {More} {Peaceful} than {Other} {Forms} of {Government}?},
	booktitle = {The {Myth} of {National} {Defense}: {Essays} on the {Theory} and {History} of {Security} {Production}},
	publisher = {Ludwig von Mises Institute},
	author = {Radnitzki, G.},
	editor = {Hoppe, Hans-Hermann},
	year = {2003},
	note = {OCLC: ocm53401048},
	pages = {145--212},
}

@book{rothbard_egalitarianism_2000,
	address = {Auburn, AL},
	edition = {2},
	title = {Egalitarianism as a {Revolt} {Against} {Nature}, and {Other} {Essays}},
	publisher = {Ludwig von Mises Institute},
	author = {Rothbard, Murray N.},
	year = {2000},
}

@book{rothbard_wall_2011,
	address = {Auburn, AL},
	edition = {2},
	title = {Wall {Street}, {Banks}, and {American} {Foreign} {Policy}},
	publisher = {Ludwig von Mises Institute},
	author = {Rothbard, Murray N.},
	year = {2011},
}

@article{rummel_libertarianism_1983,
	title = {Libertarianism and {International} {Violence}},
	volume = {27},
	url = {https://journals.sagepub.com/doi/10.1177/0022002783027001002},
	doi = {10.1177/0022002783027001002},
	number = {1},
	urldate = {2024-10-04},
	journal = {Journal of Conflict Resolution},
	author = {Rummel, R. J.},
	year = {1983},
	pages = {27--71},
}

@book{schumpeter_capitalism_2006,
	address = {London},
	title = {Capitalism, {Socialism} and {Democracy}},
	publisher = {Routledge},
	author = {Schumpeter, Joseph A.},
	year = {2006},
}

@book{tilly_democracy_2007,
	address = {Cambridge},
	title = {Democracy},
	publisher = {Cambridge University Press},
	author = {Tilly, Charles},
	year = {2007},
}

@book{tocqueville_old_1955,
	address = {New York},
	title = {The {Old} {Régime} and the {French} {Revolution}},
	publisher = {Anchor Books},
	author = {Tocqueville, Alexis de},
	year = {1955},
	note = {OCLC: 22163049},
}

@book{waltz_theory_1979,
	address = {Reading, Mass.},
	series = {Addison-{Wesley} series in political science},
	title = {Theory of {International} {Politics}},
	url = {http://catalog.hathitrust.org/api/volumes/oclc/4667316.html},
	urldate = {2024-10-04},
	publisher = {Addison-Wesley Pub. Co.},
	author = {Waltz, Kenneth N.},
	year = {1979},
	note = {OCLC: 1416219026},
}
