
@book{keynes_general_1936,
	address = {London},
	title = {The {General} {Theory} of {Employment}, {Interest} and {Money}},
	publisher = {Macmillan},
	author = {Keynes, John Maynard},
	year = {1936},
	note = {OCLC: 760524344},
}

@book{nozick_anarchy_1974,
	address = {Oxford},
	title = {Anarchy, {State}, and {Utopia}},
	publisher = {Blackwell Publishing},
	author = {Nozick, Robert},
	year = {1974},
}

@book{adams_for_1993,
	address = {London; New York},
	title = {For {Good} and {Evil}: {The} {Impact} of {Taxes} on the {Course} of {Civilization}},
	shorttitle = {For {Good} and {Evil}},
	publisher = {Madison Books},
	author = {Adams, Charles},
	year = {1993},
}

@book{adams_when_2000,
	address = {Lanham, Boulder, New York and Oxford},
	title = {When in the {Course} of {Human} {Events}: {Arguing} the {Case} for {Southern} {Secession}},
	shorttitle = {When in the {Course} of {Human} {Events}},
	url = {https://rowman.com/ISBN/9780847697236/When-in-the-Course-of-Human-Events-Arguing-the-Case-for-Southern-Secession},
	urldate = {2024-10-01},
	publisher = {Rowman \& Littlefield Publishers},
	author = {Adams, Charles},
	year = {2000},
}

@article{ahiakpor_hawtrey_2000,
	title = {Hawtrey on the {Keynesian} {Multiplier}: {A} {Question} of {Cognitive} {Dissonance}?},
	volume = {32},
	shorttitle = {Hawtrey on the {Keynesian} {Multiplier}},
	url = {https://doi.org/10.1215/00182702-32-4-889},
	doi = {10.1215/00182702-32-4-889},
	number = {4},
	urldate = {2024-10-01},
	journal = {History of Political Economy},
	author = {Ahiakpor, James C. W.},
	year = {2000},
	pages = {889--908},
}

@book{bastiat_providence_1991,
	address = {Grand Rapids, MI},
	title = {Providence and {Liberty}: {Selected} {Passages} from {Frédéric} {Bastiat}},
	shorttitle = {Providence and {Liberty}},
	publisher = {Acton Institute for the Study of Religion and Liberty},
	author = {Bastiat, Frédéric},
	translator = {Audouin, R.},
	year = {1991},
}

@book{austin_lectures_1869,
	address = {London},
	title = {Lectures on {Jurisprudence} or the {Philosophy} of {Positive} {Law}},
	url = {http://archive.org/details/in.ernet.dli.2015.275273},
	urldate = {2024-10-01},
	publisher = {John Murray},
	author = {Austin, John},
	year = {1869},
}

@incollection{bastiat_ce_1873,
	address = {Paris},
	title = {Ce {Qu}’on {Voit} et {Ce} {Qu}’on ne {Voit} {Pas} [{What} {Is} {Seen} and {What} {Is} {Not} {Seen}]},
	url = {https://oll.libertyfund.org/titles/paillottet-oeuvres-completes-de-frederic-bastiat-1\textsuperscript{st}-ed-vol-5-sophismes-economiques-petits-pamphlets-ii},
	urldate = {2024-10-01},
	booktitle = {Oeuvres complètes de {Frédéric} {Bastiat}, 1\textsuperscript{st} ed. vol. 5 {Sophismes} économiques. {Petits} pamphlets {II}},
	publisher = {Guillaumin},
	author = {Bastiat, Frédéric},
	editor = {Paillottet, Prosper},
	year = {1873},
	pages = {336--392},
}

@incollection{bastiat_sophismes_1873,
	address = {Paris},
	title = {Sophismes Économiques {II}},
	url = {https://oll.libertyfund.org/titles/paillottet-oeuvres-completes-de-frederic-bastiat-1\textsuperscript{st}-ed-vol-5-sophismes-economiques-petits-pamphlets-ii},
	urldate = {2024-10-01},
	booktitle = {Oeuvres complètes de {Frédéric} {Bastiat}, 1\textsuperscript{st} ed. vol. 5 {Sophismes} économiques. {Petits} pamphlets {II}},
	publisher = {Guillaumin},
	author = {Bastiat, Frédéric},
	editor = {Paillottet, Prosper},
	year = {1873},
}

@misc{bastiat_ce_1850,
	title = {Ce qu’on voit et ce qu’on ne voit pas [{What} {Is} {Seen} and {What} {Is} {Not} {Seen}]},
	url = {http://bastiat.org/fr/cqovecqonvp.html},
	urldate = {2024-10-01},
	author = {Bastiat, Frédéric},
	year = {1850},
}

@incollection{bastiat_sophismes_1873-1,
	address = {Paris},
	title = {Sophismes Économiques {I}},
	url = {https://oll.libertyfund.org/titles/paillottet-oeuvres-completes-de-frederic-bastiat-2\textsuperscript{nd}-ed-vol-4-sophismes-economiques-petits-pamphlets-i},
	urldate = {2024-10-01},
	booktitle = {Oeuvres complètes de {Frédéric} {Bastiat}, 2\textsuperscript{nd} ed. vol. 4 {Sophismes} Économiques. {Petits} pamphlets {I}},
	publisher = {Guillaumin},
	author = {Bastiat, Frédéric},
	editor = {Paillottet, Prosper},
	year = {1873},
}

@incollection{bastiat_harmonies_1870,
	address = {Paris},
	title = {Harmonies Économiques},
	url = {https://oll.libertyfund.org/titles/paillottet-oeuvres-completes-de-frederic-bastiat-3\textsuperscript{rd}-ed-vol-6-harmonies-economiques},
	urldate = {2024-10-01},
	booktitle = {Oeuvres complètes de {Frédéric} {Bastiat}, 3\textsuperscript{rd} ed. vol. 6 {Harmonies} économiques},
	publisher = {Guillaumin},
	author = {Bastiat, Frédéric},
	editor = {Paillottet, Prosper},
	year = {1870},
}

@incollection{bastiat_cobden_1864,
	address = {Paris},
	title = {Cobden et la {Ligue}},
	url = {https://oll.libertyfund.org/titles/paillottet-oeuvres-completes-de-frederic-bastiat-2\textsuperscript{nd}-ed-vol-3-cobden-et-la-ligue},
	urldate = {2024-10-01},
	booktitle = {Oeuvres complètes de {Frédéric} {Bastiat}, 2\textsuperscript{nd} ed. vol. 3 {Cobden} et {La} {Ligue}},
	publisher = {Guillaumin},
	author = {Bastiat, Frédéric},
	editor = {Paillottet, Prosper},
	year = {1864},
}

@incollection{bastiat_libre-echange_1862,
	address = {Paris},
	title = {Le {Libre}-Échange},
	url = {https://oll.libertyfund.org/titles/paillottet-oeuvres-completes-de-frederic-bastiat-2\textsuperscript{nd}-ed-vol-3-cobden-et-la-ligue},
	urldate = {2024-10-01},
	booktitle = {Oeuvres complètes de {Frédéric} {Bastiat}, 2\textsuperscript{nd} ed. vol. 2 le {Libre}-Échange},
	publisher = {Guillaumin},
	author = {Bastiat, Frédéric},
	editor = {Paillottet, Prosper},
	year = {1862},
}

@incollection{bastiat_correspondance_1862,
	address = {Paris},
	title = {Correspondance {Mélanges}},
	url = {https://oll.libertyfund.org/titles/paillottet-oeuvres-completes-de-frederic-bastiat-2\textsuperscript{nd}-ed-vol-1-correspondance-et-melanges},
	urldate = {2024-10-01},
	booktitle = {Oeuvres complètes de {Frédéric} {Bastiat}, 2\textsuperscript{nd} ed. vol. 1 {Correspondance} et mélanges},
	publisher = {Guillaumin},
	author = {Bastiat, Frédéric},
	editor = {Paillottet, Prosper},
	year = {1862},
}

@incollection{bastiat_essais_1861,
	address = {Paris},
	title = {Essais, Ébauches, {Correspondance}},
	url = {https://oll.libertyfund.org/titles/paillottet-oeuvres-completes-de-frederic-bastiat-2\textsuperscript{nd}-ed-vol-7-essais-ebauches-correspondance},
	urldate = {2024-10-01},
	booktitle = {Oeuvres complètes de {Frédéric} {Bastiat}, 2\textsuperscript{nd} ed. vol. 7 {Essais}, Ébauches, {Correspondance}},
	publisher = {Guillaumin},
	author = {Bastiat, Frédéric},
	editor = {Paillottet, Prosper},
	year = {1861},
}

@book{bastiat_selected_1964,
	address = {Irvington-on-Hudson, N.Y.},
	title = {Selected {Essays} on {Political} {Economy}},
	publisher = {Foundation for Economic Education},
	author = {Bastiat, Frédéric},
	editor = {Huszar, George B. de},
	translator = {Cain, Seymour},
	year = {1964},
}

@book{bastiat_economic_1964,
	address = {Irvington-on-Hudson, N.Y.},
	title = {Economic {Sophism}},
	publisher = {Foundation For Economic Education},
	author = {Bastiat, Frédéric},
	editor = {Goddard, Arthur},
	year = {1964},
	note = {OCLC: 317426243},
}

@book{bastiat_economic_1964-1,
	address = {Irvington-on-Hudson, N.Y.},
	title = {Economic {Harmonies}},
	publisher = {Foundation for Economic Education},
	author = {Bastiat, Frédéric},
	editor = {Huszar, George B. de},
	translator = {Boyers, W. Hayden},
	year = {1964},
	note = {OCLC: 317516390},
}

@book{bastiat_law_1998,
	address = {Irvington-on-Hudson, N.Y.},
	edition = {2},
	title = {The {Law}},
	publisher = {Foundation for Economic Education},
	author = {Bastiat, Frédéric},
	year = {1998},
	note = {OCLC: 42976725},
}

@book{bastiat_bastiat_2007,
	address = {Auburn, AL},
	title = {The {Bastiat} {Collection}},
	url = {https://cdn.mises.org/The%20Bastiat%20Collection_4.pdf},
	urldate = {2024-10-01},
	publisher = {Ludwig von Mises Institute},
	author = {Bastiat, Frédéric},
	year = {2007},
	note = {OCLC: 827508677},
}

@book{bastiat_collected_2010,
	address = {Indianapolis},
	title = {The {Collected} {Works} of {Frédéric} {Bastiat}: {Vol}. 4: {Controversies} and {Miscellanies}},
	publisher = {Liberty Fund},
	author = {Bastiat, Frédéric},
	year = {2010},
}

@misc{beale_history_2019,
	title = {History of {Art} in the {Soviet} {Union}: {Propaganda}, {Rebellion}, and {Freedom} in {Socialist} {Realism}},
	shorttitle = {History of {Art} in the {Soviet} {Union}},
	url = {http://www.historyisnowmagazine.com/blog/2019/5/19/history-of-art-in-the-soviet-union-propaganda-rebellion-and-freedom-in-socialist-realism},
	urldate = {2024-10-01},
	journal = {History is Now Magazine},
	author = {Beale, A.D.},
	year = {2019},
}

@book{bastiat_bastiat_1926,
	address = {London},
	title = {Bastiat and the {Abc} of {Free} {Trade}, {Translated} from the {Writings} of {Frédéric} {Bastiat}},
	url = {https://catalog.hathitrust.org/Record/009077401},
	urldate = {2024-10-01},
	publisher = {T. Fisher Unwin Ltd.},
	author = {Bastiat, Frédéric},
	translator = {Garreau, Lorenza},
	year = {1926},
}

@incollection{bentham_anarchical_1843,
	address = {Edinburgh, London},
	title = {Anarchical {Fallacies}},
	url = {https://oll.libertyfund.org/titles/bowring-the-works-of-jeremy-bentham-vol-2},
	urldate = {2024-10-01},
	booktitle = {The {Works} of {Jeremy} {Bentham}},
	publisher = {William Tait and Simkin, Marshall \& Co},
	author = {Bentham, Jeremy},
	editor = {Bowring, John},
	year = {1843},
	note = {OCLC: 799330},
	pages = {489--534},
}

@book{defoville1889oeuvres,
  author    = {De Foville, Alfred},
  title     = {F. Bastiat: Oeuvres Choisies},
  year      = {1889},
  publisher = {Guillaumin et Cie},
  address   = {Paris}
}


@book{bidet_frederic_1906,
	address = {Paris},
	title = {Frédéric {Bastiat}, l'homme, l'économiste},
	publisher = {V. Giard et E. Brière},
	author = {Bidet, François},
	year = {1906},
	note = {OCLC: 11437120},
}

@book{blaug_great_1986,
	address = {Brighton},
	title = {Great {Economists} {Before} {Keynes}: {An} {Introduction} to the {Lives} \& {Works} of {One} {Hundred} {Great} {Economists} of the {Past}},
	shorttitle = {Great {Economists} {Before} {Keynes}},
	publisher = {Wheatsheaf Books},
	author = {Blaug, Mark},
	year = {1986},
}

@article{braun_bastiat_2011,
	title = {Bastiat as an {Economist}},
	volume = {15},
	url = {https://www.jstor.org/stable/24562518},
	number = {3},
	urldate = {2024-10-01},
	journal = {The Independent Review},
	author = {Braun, Carlos Rodríguez and Blanco, María},
	year = {2011},
	note = {Publisher: Independent Institute},
	pages = {421--445},
}

@phdthesis{buccino_examination_1990,
	type = {{PhD} dissertation},
	title = {Examination {Of} {Higher} {Education} {In} {The} {Writings} {Of} {The} {Classical} {Political} {Economists}},
	school = {University of South Florida, USA},
	author = {Buccino, Joan},
	year = {1990},
}

@incollection{buchanan_introduction_1981,
	address = {New York; London},
	series = {Institute for humane studies series in economic theory},
	title = {Introduction},
	url = {https://oll.libertyfund.org/titles/buchanan-l-s-e-essays-on-cost},
	urldate = {2024-10-01},
	booktitle = {L. {S}. {E}. {Essays} on {Cost}},
	publisher = {New York University Press},
	author = {Buchanan, James M.},
	editor = {Buchanan, James M. and Thirlby, G. F.},
	year = {1981},
	pages = {1--16},
}

@incollection{buchanan1973introduction,
  author       = {Buchanan, James M.},
  title        = {Introduction},
  booktitle    = {L. S. E. Essays on Cost},
  editor       = {Buchanan, James M. and Thirlby, G. F.},
  year         = {1973},
  pages        = {1--16},
  publisher    = {London School of Economics and Political Science: Weidenfeld and Nicolson},
  address      = {New York},
}


@misc{burgess_art_2018,
	title = {The {Art} of {Chinese} {Propaganda} {Posters}},
	url = {http://www.atlasobscura.com/articles/chinese-propaganda-posters-cultural-revolution-shaomin-li},
	urldate = {2024-10-01},
	journal = {Atlas Obscura},
	author = {Burgess, Anika},
	year = {2018},
}

@book{cantillon_essai_1755,
	address = {Londres},
	title = {Essai sur la nature du commerce en général},
	publisher = {Fletcher Gyles},
	author = {Cantillon, Richard},
	year = {1755},
}

@misc{noauthor_communist_2024,
	title = {\textit{{The} {Communist} {Manifesto}}},
	url = {https://en.wikipedia.org/w/index.php?title=The_Communist_Manifesto&oldid=1245049232},
	urldate = {2024-10-01},
	journal = {Wikipedia},
	year = {2024},
	note = {Page Version ID: 1245049232},
}

@book{cossa_introduction_1893,
	address = {London; New York},
	title = {An {Introduction} to the {Study} of {Political} {Economy}},
	url = {https://katalog.ue.wroc.pl/161800097318/cossa-luigi/an-introduction-to-the-study-of-political-economy?bibFilter=16&lokFilter=20},
	urldate = {2024-10-01},
	publisher = {Macmillan},
	author = {Cossa, Luigi},
	year = {1893},
	note = {Publisher: Macmillan},
}

@book{bastiat_f_1889,
	series = {Petite bibliothèque économique française et étrangère},
	title = {F. {Bastiat}: oeuvres choisies},
	publisher = {Guillaumin. Paris},
	author = {Bastiat, Frédéric},
	editor = {Foville, Alfred de},
	year = {1889},
}

@incollection{holcombe_frederic_1999,
	address = {Auburn, AL},
	title = {Frédéric {Bastiat}: {Between} the {French} and {Marginalist} {Revolutions}},
	booktitle = {15 {Great} {Austrian} {Economists}},
	publisher = {Ludwig von Mises Institute},
	author = {DiLorenzo, Thomas J.},
	editor = {Holcombe, Randall G.},
	year = {1999},
	pages = {59--69},
}

@book{dilorenzo_real_2002,
	address = {Roseville, CA},
	title = {The {Real} {Lincoln}: {A} {New} {Look} at {Abraham} {Lincoln}, {His} {Agenda}, and an {Unnecessary} {War}},
	shorttitle = {The {Real} {Lincoln}},
	publisher = {Prima Publishing},
	author = {DiLorenzo, Thomas J.},
	year = {2002},
}

@article{dimand_hawtrey_1997,
	title = {Hawtrey and the {Multiplier}},
	volume = {29},
	url = {https://doi.org/10.1215/00182702-29-3-549},
	doi = {10.1215/00182702-29-3-549},
	number = {3},
	urldate = {2024-10-01},
	journal = {History of Political Economy},
	author = {Dimand, Robert W.},
	year = {1997},
	pages = {549--556},
}

@article{dimand_hawtrey_2000,
	title = {Hawtrey and the {Keynesian} {Multiplier}: {A} {Response} to {Ahiakpor}},
	volume = {32},
	shorttitle = {Hawtrey and the {Keynesian} {Multiplier}},
	url = {https://doi.org/10.1215/00182702-32-4-909},
	doi = {10.1215/00182702-32-4-909},
	number = {4},
	urldate = {2024-10-01},
	journal = {History of Political Economy},
	author = {Dimand, Robert W.},
	year = {2000},
	pages = {909--914},
}

@book{finley_public_1989,
	address = {New York},
	title = {Public {Sector} {Privatization}: {Alternative} {Approaches} to {Service} {Delivery}},
	shorttitle = {Public {Sector} {Privatization}},
	publisher = {Quorum Books},
	editor = {Finley, Lawrence K.},
	year = {1989},
}

@book{fuller_morality_1969,
	address = {New Haven},
	title = {The {Morality} of {Law}},
	url = {http://www.jstor.org/stable/j.ctt1cc2mds},
	urldate = {2024-10-01},
	publisher = {Yale University Press},
	author = {Fuller, Lon L.},
	year = {1969},
}

@misc{furstenau_how_2020,
	title = {How the {Nazis} {Used} {Poster} {Art} as {Propaganda}},
	url = {https://www.dw.com/en/how-the-nazis-used-poster-art-as-propaganda/a-55751640},
	urldate = {2024-10-01},
	journal = {dw.com},
	author = {Fürstenau, Marcel},
	year = {2020},
}

@book{gide_history_1948,
	address = {Boston},
	edition = {2},
	title = {A {History} of {Economic} {Doctrines} from the {Time} of the {Physiocrats} to the {Present} {Day}},
	publisher = {D.C. Heath},
	author = {Gide, Charles and Rist, Charles},
	translator = {Richards, R.},
	year = {1948},
	note = {OCLC: 24774834},
}

@book{haney_history_1949,
	address = {New York},
	title = {History of {Economic} {Thought}},
	url = {http://archive.org/details/dli.ernet.16872},
	urldate = {2024-10-01},
	publisher = {The Macmillan Company},
	author = {Haney, Lewis H.},
	year = {1949},
}

@book{hazlitt_economics_1979,
	address = {New York},
	title = {Economics in {One} {Lesson}: {The} {Shortest} and {Surest} {Way} to {Understand} {Basic} {Economics}},
	shorttitle = {Economics in {One} {Lesson}},
	publisher = {Arlington House},
	author = {Hazlitt, Henry},
	year = {1979},
}

@book{hazlitt_economics_1946,
	address = {New York},
	title = {Economics in {One} {Lesson}},
	publisher = {Harper \& Brothers},
	author = {Hazlitt, Henry},
	year = {1946},
}

@book{hazlitt_failure_1959,
	address = {Princeton, N.J},
	title = {The {Failure} of the "{New} economics"},
	publisher = {van Nostrand},
	author = {Hazlitt, Henry},
	year = {1959},
}

@book{hazlitt_critics_1960,
	address = {Princeton, N.J.},
	title = {The {Critics} of {Keynesian} {Economics}},
	shorttitle = {The {Critics} of {Keynesian} {Economics}},
	publisher = {Van Nostrand},
	editor = {Hazlitt, Henry},
	year = {1960},
	note = {OCLC: 271270161},
}

@incollection{bastiat_introduction_1964,
	address = {Irvington-on-Hudson, NY},
	title = {Introduction},
	url = {https://oll.libertyfund.org/titles/hazlitt-economic-sophisms-fee-ed},
	urldate = {2024-10-01},
	booktitle = {Economic {Sophisms}},
	publisher = {Foundation for Economic Education},
	author = {Hazlitt, Henry},
	editor = {Goddard, Arthur},
	collaborator = {Bastiat, Frédéric},
	year = {1964},
	pages = {xi--xv},
}

@incollection{hebert_bastiat_2016,
	address = {London},
	title = {Bastiat, {Claude} {Frédéric} (1801–1850)},
	url = {https://doi.org/10.1057/978-1-349-95121-5_30-1},
	urldate = {2024-10-01},
	booktitle = {The {New} {Palgrave} {Dictionary} of {Economics}},
	publisher = {Palgrave Macmillan UK},
	author = {Hébert, R. F.},
	year = {2016},
	doi = {10.1057/978-1-349-95121-5_30-1},
	pages = {1--3},
}

@book{hegeland_multiplier_1954,
	address = {Lund},
	series = {Lund social science studies},
	title = {The {Multiplier} {Theory}},
	publisher = {C.W.K. Gleerup},
	author = {Hegeland, Hugo},
	year = {1954},
}

@phdthesis{hendrick_frederic_1987,
	address = {New York},
	type = {{PhD} thesis},
	title = {Frédéric {Bastiat}, forgotten liberal: {Spokesman} for an ideology in crisis},
	school = {Department of History, Graduate School of Arts and Sciences, New York University},
	author = {Hendrick, R.M.},
	year = {1987},
}

@article{hulsmann_bastiats_2001,
	title = {Bastiat’s {Legacy} in {Economics}},
	volume = {4},
	url = {http://link.springer.com/10.1007/BF03184236},
	doi = {10.1007/BF03184236},
	number = {4},
	urldate = {2024-10-01},
	journal = {The Quarterly Journal of Austrian Economics},
	author = {Hülsmann, Jörg Guido},
	year = {2001},
	pages = {55--70},
}

@book{hutt_keynesianism--retrospect_1963,
	address = {Chicago},
	title = {Keynesianism--retrospect and prospect: a critical restatement of basic economic principles},
	shorttitle = {Keynesianism--retrospect and prospect},
	url = {http://archive.org/details/keynesianismretr00hutt},
	urldate = {2024-10-01},
	publisher = {H. Regnery Co.},
	author = {Hutt, W. H.},
	collaborator = {University of Florida, George A. Smathers Libraries},
	year = {1963},
}

@book{hutt_keynesian_1979,
	address = {Indianapolis},
	title = {The {Keynesian} {Episode}: {A} {Reassessment}},
	shorttitle = {The {Keynesian} {Episode}},
	url = {http://archive.org/details/keynesianepisode0000hutt},
	urldate = {2024-10-01},
	publisher = {Liberty Press},
	author = {Hutt, W. H. (William Harold)},
	year = {1979},
}

@book{imbert_frederic_1913,
	address = {Marseille},
	title = {Frédéric {Bastiat} et le socialisme de son temps},
	publisher = {Barlatier},
	author = {Imbert, Adolphe},
	year = {1913},
	note = {OCLC: 16779742},
}

@book{kramer_defense_1999,
	address = {Oxford; New York},
	title = {In {Defense} of {Legal} {Positivism}: {Law} {Without} {Trimmings}},
	shorttitle = {In {Defense} of {Legal} {Positivism}},
	publisher = {Oxford University Press},
	author = {Kramer, Matthew H.},
	year = {1999},
}

@incollection{levy_art_2017,
	address = {Oxford},
	title = {Art and {Propaganda}},
	urldate = {2024-10-02},
	booktitle = {Art {History}},
	publisher = {Oxford University Press},
	author = {Levy, Evonne},
	collaborator = {Levy, Evonne},
	year = {2017},
	doi = {10.1093/obo/9780199920105-0110},
}

@book{locke_two_1689,
	address = {London},
	title = {Two {Treatises} of {Government} in the {Former}, the {False} {Principles} and {Foundation} of {Sir} {Robert} {Filmer} and {His} {Followers} {Are} {Detected} and {Overthrown}, the {Latter} {Is} an {Essay} {Concerning} the {True} {Original}, {Extent}, and {End} of {Civil} {Government}.},
	url = {https://name.umdl.umich.edu/A48901.0001.001},
	publisher = {Printed for Awnsham Churchill at the Black Swan in Ave-Mary-Lane},
	author = {Locke, John},
	year = {1689},
}

@article{magni_splitting_2009,
	title = {Splitting up {Value}: {A} {Critical} {Review} of {Residual} {Income} {Theories}},
	volume = {198},
	shorttitle = {Splitting up {Value}},
	url = {https://www.sciencedirect.com/science/article/pii/S0377221708007649},
	doi = {10.1016/j.ejor.2008.09.018},
	number = {1},
	urldate = {2024-10-02},
	journal = {European Journal of Operational Research},
	author = {Magni, Carlo Alberto},
	year = {2009},
	pages = {1--22},
}

@book{marmor_positive_2001,
	address = {Oxford; New York},
	title = {Positive {Law} and {Objective} {Values}},
	publisher = {Clarendon Press},
	author = {Marmor, Andrei},
	year = {2001},
}

@book{marx_manifest_1848,
	address = {London},
	title = {Manifest der {Kommunistischen} {Partei}: {Veröffentlicht} im {Februar} 1848 [{The} {Communist} {Manifesto}]},
	url = {https://oll.libertyfund.org/pages/marx-manifest},
	urldate = {2024-10-02},
	publisher = {Gedruckt in der Office der "Bildungs-Gesellschaft für Arbeiter" von I. E. Burghard},
	author = {Marx, Karl and Engels, Friedrich},
	year = {1848},
}

@misc{marx_kritik_1875,
	title = {Kritik des {Gothaer} {Programms} [{Critique} of the {Gotha} {Programme}]},
	url = {https://www.marxists.org/archive/marx/works/1875/gotha/index.htm},
	urldate = {2024-10-02},
	author = {Marx, Karl},
	year = {1875},
}

@misc{mcgee_relevance_2014,
	address = {Rochester, NY},
	type = {{SSRN} {Scholarly} {Paper}},
	title = {The {Relevance} of {Frédéric} {Bastiat} to {Twenty}-{First} {Century} {Economic} {Thought}},
	url = {https://papers.ssrn.com/abstract=2435731},
	doi = {10.2139/ssrn.2435731},
	urldate = {2024-10-02},
	author = {McGee, Robert W.},
	year = {2014},
}

@misc{mcgee_keynes_2014,
	address = {Rochester, NY},
	type = {{SSRN} {Scholarly} {Paper}},
	title = {Keynes, {Bastiat} and the {Multiplier}},
	url = {https://papers.ssrn.com/abstract=2435914},
	doi = {10.2139/ssrn.2435914},
	urldate = {2024-10-02},
	author = {McGee, Robert W.},
	year = {2014},
}

@misc{mcgee_economic_2014,
	address = {Rochester, NY},
	type = {{SSRN} {Scholarly} {Paper}},
	title = {Economic {Protectionism} and the {Philosophy} of {Frédéric} {Bastiat}},
	url = {https://papers.ssrn.com/abstract=2435943},
	doi = {10.2139/ssrn.2435943},
	urldate = {2024-10-02},
	author = {McGee, Robert W.},
	year = {2014},
}

@book{menger_grundsatze_1871,
	address = {Wien},
	title = {Grundsätze der {Volkswirtschaftslehre}},
	url = {https://oll.libertyfund.org/titles/menger-grundsatze-der-volkswirtschaftslehre},
	urldate = {2024-10-02},
	publisher = {Wilhelm Braumüller},
	author = {Menger, Carl},
	year = {1871},
}

@book{marx_communist_2010,
	series = {Vintage classics},
	title = {The {Communist} {Manifesto}},
	publisher = {Vintage Books},
	author = {Marx, Karl and Engels, Friedrich},
	year = {2010},
}

@article{meredith_taxation_2009,
	title = {Taxation and {Legal} {Plunder} in the {Thought} of {Fric} {Bastiat}},
	volume = {12},
	url = {https://www.marketsandmorality.com/index.php/mandm/article/view/136},
	number = {2},
	urldate = {2024-10-02},
	journal = {Journal of Markets \& Morality},
	author = {Meredith, Christopher Todd},
	year = {2009},
	note = {Number: 2},
	pages = {297--314},
}

@book{mulberger_kapital_1896,
	address = {Jena},
	title = {Kapital und {Zins}: {Die} {Polemik} zwischen {Bastiat} u. {Proudhon}},
	shorttitle = {Kapital und {Zins}},
	url = {https://doi.org/10.11588/diglit.22431},
	publisher = {Verlag von Gustav Fischer},
	author = {Mülberger, Arthur},
	year = {1896},
	doi = {10.11588/diglit.22431},
}

@book{nouvion_frederic_1905,
	address = {Paris},
	title = {Frédéric {Bastiat}: sa vie, ses oeuvres, ses doctrines: monopole et liberté},
	shorttitle = {Frédéric {Bastiat}},
	publisher = {Guillaumin},
	author = {Nouvion, Georges de},
	year = {1905},
}

@book{ohashi_privatization_nodate,
	address = {Vancouver},
	title = {Privatization, {Theory} and {Practice}: {Distributing} {Shares} in {Private} and {Public} {Enterprise}},
	shorttitle = {Privatization, {Theory} and {Practice}},
	publisher = {The Fraser Institute},
	author = {Ohashi, T. M. and Roth, T.P.},
	year = {1980},
}

@book{pirie_privatization_1988,
	address = {Aldershot, UK},
	title = {Privatization: {Theory}, {Practice} and {Choice}},
	publisher = {Wildwood House},
	author = {Pirie, Madsen},
	year = {1988},
}

@incollection{bastiat_foreward_1998,
	address = {Irvington-on-Hudson, N.Y.},
	edition = {2},
	title = {Foreward},
	booktitle = {The {Law}},
	publisher = {Foundation for Economic Education},
	author = {Richman, S.},
	collaborator = {Bastiat, Frédéric},
	year = {1998},
	note = {OCLC: 42976725},
	pages = {ix--xiv},
}

@book{roche_frederic_1971,
	address = {New Rochelle, N.Y},
	series = {Architects of freedom series},
	title = {Frederic {Bastiat}; a {Man} {Alone}},
	publisher = {Arlington House},
	author = {Roche, George Charles III},
	year = {1971},
}

@book{roche_free_1993,
	address = {Hillsdale, MI},
	title = {Free {Markets}, {Free} {Men}: {Frederic} {Bastiat}, 1801-1850},
	shorttitle = {Free {Markets}, {Free} {Men}},
	url = {http://archive.org/details/freemarketsfreem0000roch},
	urldate = {2024-10-02},
	publisher = {Hillsdale College Press; The Foundation for Economic Education},
	author = {Roche, George Charles III},
	year = {1993},
}

@book{ronce_frederic_1905,
	address = {Paris},
	title = {Frédéric {Bastiat}: sa vie, son œuvre},
	shorttitle = {Frédéric {Bastiat}},
	publisher = {Guillaumin},
	author = {Ronce, Pierre},
	year = {1905},
	note = {OCLC: 6927388},
}

@book{rothbard_economic_1995,
	address = {Cheltenham, UK \& Northampton, MA, USA},
	title = {Economic {Thought} {Before} {Adam} {Smith}},
	publisher = {Edward Elgar Publishing},
	author = {Rothbard, Murray N.},
	year = {1995},
}

@incollection{holcombe_rj_1999,
	address = {Auburn, AL},
	title = {A.{R}.{J}. {Turgot}: {Brief}, {Lucid}, and {Brilliant}},
	booktitle = {15 {Great} {Austrian} {Economists}},
	publisher = {Ludwig von Mises Institute},
	author = {Rothbard, Murray N.},
	editor = {Holcombe, Randall G.},
	year = {1999},
	pages = {29--44},
}

@phdthesis{russell_frederic_1959,
	address = {Genève},
	type = {{PhD} dissertation},
	title = {Frédéric {Bastiat} and the {Free} {Trade} {Movement} in {France} and {England}, 1840-1850},
	school = {Université de Genève},
	author = {Russell, Dean},
	year = {1959},
}

@book{russell_frederic_1969,
	address = {Irvington-on-Hudson, NY},
	title = {Frederic {Bastiat}: {Ideas} and {Influence}},
	shorttitle = {Frederic {Bastiat}},
	publisher = {Foundation for Economic Education},
	author = {Russell, Dean},
	year = {1969},
}

@book{russell_government_1985,
	address = {Irvington-on-Hudson, NY},
	title = {Government and {Legal} {Plunder}: {Bastiat} {Brought} up to {Date}},
	shorttitle = {Government and {Legal} {Plunder}},
	publisher = {Foundation for Economic Education},
	author = {Russell, Dean},
	year = {1985},
}

@book{savas_privatizing_1991,
	address = {Chatham, NJ},
	series = {Chatham {House} series on change in {American} politics},
	title = {Privatizing the {Public} {Sector}: {How} to {Shrink} {Grovernment}},
	shorttitle = {Privatizing the {Public} {Sector}},
	publisher = {Chatham House Publ},
	author = {Savas, Emanuel S.},
	year = {1991},
}

@book{schumpeter_history_1954,
	address = {Oxford; New York},
	title = {History of {Economic} {Analysis}},
	publisher = {Oxford University Press},
	author = {Schumpeter, Joseph A.},
	year = {1954},
}

@book{screpanti_outline_1993,
	address = {Oxford},
	title = {An {Outline} of the {History} of {Economic} {Thought}},
	publisher = {Clarendon Press},
	author = {Screpanti, E. and Zamagni, S.},
	translator = {Field, D.},
	year = {1993},
}

@book{skousen_dissent_1992,
	address = {New York; Westport, CT and London},
	title = {Dissent on {Keynes}: {A} {Critical} {Appraisal} of {Keynesian} {Economics}},
	shorttitle = {Dissent on {Keynes}},
	publisher = {Praeger},
	author = {Skousen, Mark},
	year = {1992},
}

@book{skousen_making_2001,
	address = {Armonk, NY},
	title = {The {Making} of {Modern} {Economics}: {The} {Lives} and {Ideas} of the {Great} {Thinkers}},
	shorttitle = {The {Making} of {Modern} {Economics}},
	url = {http://archive.org/details/makingofmodernec0000skou},
	urldate = {2024-10-02},
	publisher = {M.E. Sharpe},
	author = {Skousen, Mark},
	year = {2001},
}

@book{terborgh_new_1968,
	address = {Washington, DC},
	title = {The {New} {Economics}},
	publisher = {Machinery and Allied Products Institute},
	author = {Terborgh, G.},
	year = {1968},
}

@book{waldron_nonsense_1987,
	address = {London},
	title = {Nonsense {Upon} {Stilts}: {Bentham}, {Burke} and {Marx} on the {Rights} of {Man}},
	shorttitle = {Nonsense {Upon} {Stilts}},
	publisher = {Methuen \& Co. Ltd},
	editor = {Waldron, Jeremy},
	year = {1987},
}

@book{webber_history_1986,
	address = {New York},
	title = {A {History} of {Taxation} and {Expenditure} in the {Western} {World}},
	publisher = {Simon and Schuster},
	author = {Webber, Carolyn and Wildavsky, Aaron B.},
	year = {1986},
}

@misc{weissman_how_2023,
	title = {How {Has} {Art} {Been} {Used} as {Propaganda}?},
	url = {https://owlcation.com/humanities/How-has-art-been-used-as-propaganda},
	urldate = {2024-10-02},
	journal = {Owlcation},
	author = {Weissman, Shawn},
	year = {2023},
}

@article{zernike_shaping_2010,
	address = {New York},
	chapter = {U.S.},
	title = {Shaping {Tea} {Party} {Passion} {Into} {Campaign} {Force}},
	url = {https://www.nytimes.com/2010/08/26/us/politics/26freedom.html},
	urldate = {2024-10-02},
	journal = {The New York Times},
	author = {Zernike, Kate},
	year = {2010},
	pages = {A1, 16},
}
