@article{Nozick1977On,
	journal={Synthese},
	doi={10.1007/bf00486025},
	number={3},
	note={publisher: Springer},
	title={On Austrian Methodology},
	url={https://doi.org/10.1007/BF00486025},
	volume={36},
	author={Nozick, Robert},
	pages={353--392},
	year={1977},
}
@article{Wysocki2021problem,
	journal={Philosophical Problems in Science (Zagadnienia Filozoficzne w Nauce)},
	number={71},
	note={section: Articles},
	title={The problem of indifference and homogeneity in Austrian economics: Nozick’s challenge revisited},
	url={https://zfn.edu.pl/index.php/zfn/article/view/554},
	author={Wysocki, Igor},
	pages={9--44},
	year={2021},
}
@article{Block1980On,
	journal={Inquiry},
	doi={10.1080/00201748008601918},
	number={4},
	note={publisher: Routledge},
	title={On Robert Nozick's ‘On Austrian methodology’},
	url={https://doi.org/10.1080/00201748008601918},
	volume={23},
	author={Block, Walter E.},
	pages={397--444},
	year={1980},
}
@incollection{Rothbard1997Toward,
	series={Economists of the twentieth century},
	booktitle={The Logic of Action: I. Method, Money, and the Austrian School},
	publisher={Edward Elgar Publishing Limited},
	address={Cheltenham [etc.]},
	title={Toward a Reconstruction of Utility and Welfare Economics},
	url={https://mises.org/library/toward-reconstruction-utility-and-welfare-economics-1},
	author={Rothbard, Murray N.},
	note={[Online; accessed 2023-01-09]},
	pages={211--254},
	year={1997},
}
@article{Block2009Rejoinder,
	number={1},
	title={Rejoinder to Machaj on Indiﬀerence},
	volume={5},
	author={Block, Walter E.},
	pages={65--71},
	year={2009},
}
@article{Block2012Response,
	journal={Dialogue},
	number={2},
	note={publisher: АИ" Ценов"},
	title={Response to Ben O’Neill on indifference},
	url={https://dlib.uni-svishtov.bg/bitstream/handle/10610/2380/DialogueBook2eng2012_76_93.pdf},
	author={Block, Walter E.},
	pages={76--93},
	year={2012},
}
@article{Block2010Rejoinder,
	journal={Reason Papers},
	note={publisher: Reason Papers},
	title={Rejoinder to Hoppe on indifference, once again},
	url={http://reasonpapers.com/pdf/32/rp_32_9.pdf},
	volume={32},
	author={Block, Walter E. and Barnett II, William},
	pages={141--154},
	year={2010},
}
@article{Hoppe2005Must,
	journal={Quarterly Journal of Austrian Economics},
	number={4},
	title={Must Austrians embrace indifference?},
	url={https://mises.org/library/must-austrians-embrace-indifference},
	volume={8},
	author={Hoppe, Hans-Hermann},
	note={[Online; accessed 2022-09-15]},
	pages={87--91},
	year={2005},
}
@article{Hoppe2009Further,
	journal={The Quarterly Journal of Austrian Economics},
	number={1},
	title={Further Notes on Preference and Indifference: Rejoinder to Block},
	url={https://cdn.mises.org/qjae12_1_5.pdf},
	volume={12},
	author={Hoppe, Hans-Hermann},
	note={[Online; accessed 2022-09-15]},
	pages={60--64},
	year={2009},
}
@article{Hudik2011note,
	journal={The Quarterly Journal of Austrian Economics},
	number={2},
	note={publisher: Ludwig von Mises Institute},
	title={A note on Nozick's problem},
	volume={14},
	author={Hudik, Marek},
	pages={256--261},
	year={2011},
}
@article{Machaj2007praxeological,
	journal={New Perspectives on Political Economy},
	number={2},
	title={A praxeological case for homogeneity and indifference},
	volume={3},
	author={Machaj, Mateusz},
	pages={231--238},
	year={2007},
}
@article{ONeill2010Choice,
	journal={The Quarterly Journal of Austrian Economics},
	number={1},
	title={Choice and Indifference: A Critique of the Strict Preference Approach},
	volume={13},
	author={O'Neill, Ben},
	pages={71--98},
	year={2010},
}
@article{Wysocki2016Indifference,
	journal={Societas et Ius},
	doi={10.12775/SEI.2016.002},
	number={5},
	note={number: 5},
	title={Indifference – in defense of orthodoxy},
	url={https://apcz.umk.pl/SeI/article/view/SEI.2016.002},
	author={Wysocki, Igor},
	pages={15--30},
	year={2016},
}
@article{Wysocki2018analysis,
	journal={MEST Journal},
	doi={10.12709/mest.06.06.01.14},
	number={1},
	title={An analysis of the supply curve: does it depict homogeneity among its constituent elements? Another rejoinder to Nozick},
	url={http://mest.meste.org/MEST_1_2018/11_14.pdf},
	volume={6},
	author={Wysocki, Igor and Block, Walter},
	editor={Cekerevac, Zoran},
	note={[Online; accessed 2022-09-15]},
	pages={132--143},
	year={2018},
}
@article{Wysocki2019Homogeneity,
	journal={Quarterly Journal of Austrian Economics},
	doi={10.35297/qja.010004},
	number={4},
	title={Homogeneity, Heterogeneity, the Supply Curve, and Consumer Theory},
	url={https://qjae.scholasticahq.com/article/7807-homogeneity-heterogeneity-the-supply-curve-and-consumer-theory},
	volume={21},
	author={Wysocki, Igor and Block, Walter},
	note={[Online; accessed 2022-09-15]},
	pages={398--416},
	year={2019},
}
@incollection{Caldwell2014Introduction,
	series={Collected works of F. A. Hayek},
	booktitle={The Market and Other Orders},
	publisher={The University of Chicago Press},
	address={Chicago; London},
	title={Introduction},
	author={Caldwell, Bruce},
	editor={Caldwell, Bruce},
	pages={1--35},
	year={2014},
}
@article{Lewis2015Orders,
	journal={Cosmos + Taxis},
	doi={10.2139/ssrn.2507643},
	number={2},
	title={Orders, Orders, Everywhere on Hayek's The Market and Other Orders},
	url={http://www.ssrn.com/abstract={2507643}},
	volume={2},
	author={Lewis, Paul and Lewin, Peter},
	note={[Online; accessed 2023-01-09]},
	pages={1--17},
	year={2015},
}
@book{Posvanc2021Evolutionary,
	series={Palgrave Studies in Classical Liberalism},
	note={DOI: 10.1007/978-3-030-71800-8},
	publisher={Palgrave Macmillan},
	address={Cham},
	title={The Evolutionary Invisible Hand: The Problem of Rational Decision-Making and Social Ordering over Time},
	url={https://link.springer.com/10.1007/978-3-030-71800-8},
	author={Pošvanc, Matúš},
	year={2021},
}
@misc{Posvanc2019Evolutionary,
	journal={Medium},
	title={Evolutionary possibilities of the emergence of economic calculation and money.},
	url={https://matus-posvanc.medium.com/evolutionary-possibilities-of-the-emergence-of-economic-calculation-and-money-9458d667ae03},
	author={Pošvanc, Matúš},
	note={[Online; accessed 2023-01-09]},
	year={2019},
}
@article{Glennan1996Mechanisms,
	journal={Erkenntnis (1975-)},
	doi={10.1007/BF00172853},
	number={1},
	note={publisher: Springer},
	title={Mechanisms and the Nature of Causation},
	url={https://doi.org/10.1007/BF00172853},
	volume={44},
	author={Glennan, Stuart S.},
	pages={49--71},
	year={1996},
}
@article{Machamer2000Thinking,
	journal={Philosophy of Science},
	doi={10.1086/392759},
	number={1},
	title={Thinking about Mechanisms},
	volume={67},
	author={Machamer, Peter and Darden, Lindley and Craver, Carl F.},
	pages={1–25},
	year={2000},
}
@article{Bechtel2005Explanation,
	series={Mechanisms in biology},
	journal={Studies in History and Philosophy of Science Part C: Studies in History and Philosophy of Biological and Biomedical Sciences},
	doi={10.1016/j.shpsc.2005.03.010},
	number={2},
	title={Explanation: a mechanist alternative},
	url={http://www.sciencedirect.com/science/article/pii/S1369848605000269},
	volume={36},
	author={Bechtel, William and Abrahamsen, Adele},
	note={[Online; accessed 2017-03-21]},
	pages={421--441},
	year={2005},
}
@incollection{Ioannidis2018Mechanisms,
	booktitle={The Routledge Handbook of Mechanisms and Mechanical Philosophy},
	publisher={Routledge},
	title={Mechanisms, Counterfactuals and Laws},
	author={Ioannidis, Stavros and Psillos, Stathis},
	editor={Glennan, Stuart and Illari, Phyllis},
	pages={144–156},
	year={2018},
}
@book{Rothbard2009Man,
	publisher={Ludwig von Mises Institute},
	address={Auburn AL},
	title={Man, Economy, and State: A Treatise on Economic Principles; with Power and Market: Government and the Economy},
	author={Rothbard, Murray N.},
	year={2009},
}
@misc{Bilo2004Theory,
	note={no longer available},
	title={The Theory of Imputation: A context of value spreads between means and ends},
	url={http://www2.gcc.edu/dept/econ/ASSC/Papers2004/Imputation_Bilo.pdf},
	author={Biľo, Šimon},
	year={2004},
}
@book{Menger2007Principles,
	numpages={328},
	publisher={Ludwig von Mises Institute},
	address={Auburn AL},
	title={Principles of Economics},
	author={Menger, Carl},
	year={2007},
}
@book{Mises2014Theory,
	numpages={2009},
	publisher={Ludwig von Mises Institute},
	address={Auburn, Alabama},
	title={The Theory of Money and Credit},
	url={https://mises.org/library/theory-money-and-credit},
	author={Mises, von Ludwig},
	note={[Online; accessed 2023-01-09]},
	year={2014},
}
@book{Mises1998Human,
	edition={Scholar's ed.},
	note={OCLC: ocm40712873},
	numpages={912},
	publisher={Ludwig von Mises Institute},
	address={Auburn AL},
	title={Human Action: A Treatise on Economics},
	author={Mises, von Ludwig},
	year={1998},
}
@book{Shackle1992Epistemics,
	numpages={482},
	publisher={Transaction Publishers},
	address={New Brunswick, N.J. (U.S.A.)},
	title={Epistemics \& Economics: A Critique of Economic Doctrines},
	author={Shackle, George Lennox Sharman},
	year={1992},
}
@book{Mises2003Epistemological,
	edition={3rd},
	numpages={259},
	publisher={Ludwig von Mises Institute},
	address={Auburn, Alabama},
	title={Epistemological Problems of Economics},
	url={https://mises.org/library/epistemological-problems-economics},
	author={Mises, von Ludwig},
	note={[Online; accessed 2023-01-09]},
	year={2003},
}
@book{ODriscoll1996Austrian,
	series={Routledge foundations of the market economy},
	publisher={Routledge},
	address={New York},
	title={Austrian Economics Re-Examined: The Economics of Time and Ignorance},
	author={O'Driscoll, Gerald P. and Rizzo, Mario J.},
	year={1996},
}
@article{Grassl2017Toward,
	journal={Axiomathes},
	doi={10.1007/s10516-017-9348-0},
	number={5},
	title={Toward a Unified Theory of Value: From Austrian Economics to Austrian Philosophy},
	url={https://doi.org/10.1007/s10516-017-9348-0},
	volume={27},
	author={Grassl, Wolfgang},
	note={[Online; accessed 2023-01-09]},
	pages={531--559},
	year={2017},
}
@book{Hayek1952Sensory,
	note={OCLC: 865050230},
	numpages={209},
	publisher={Routledge \& Kegan Paul},
	address={London},
	title={The Sensory Order: An Inquiry into the Foundations of Theoretical Psychology},
	author={Hayek, F. A.},
	year={1952},
}
@book{Smith1994Austrian,
	edition={1},
	numpages={381},
	publisher={Open Court},
	address={Chicago, Ill.},
	title={Austrian Philosophy: The Legacy of Franz Brentano},
	author={Smith, Barry},
	year={1994},
}
@article{Posvanc2021Problem,
	journal={New Perspectives on Political Economy},
	number={1},
	note={publisher: Liberalni Institut},
	title={The Problem of Indifference and Choice. Answer to Nozick's Challenge to Austrians},
	volume={17},
	author={Pošvanc, Matúš},
	pages={20--52},
	year={2021},
}
@book{Pstruzina1994Etudy,
	publisher={Vysoká škola ekonomická v Praze},
	address={Praha},
	title={Etudy o mozku a myšlení [Etudes about the brain and thinking]},
	author={Pstružina, Karel},
	year={1994},
}
@incollection{Horwitz2010Sensory,
	series={Advances in Austrian economics},
	booktitle={The Social Science of Hayek's 'the Sensory Order'},
	edition={1},
	note={DOI: 10.1108/S1529-2134(2010)0000013013},
	publisher={Emerald Group Pub},
	address={Bingley, UK},
	title={The Sensory Order and Organizational Learning},
	url={https://doi.org/10.1108/S1529-2134(2010)0000013013},
	author={Horwitz, Steven},
	editor={Butos, William N.},
	pages={263--284},
	year={2010},
}
@book{Harris1983Interpretation,
	numpages={346},
	publisher={University Press of America},
	address={Lanham},
	title={An Interpretation of the Logic of Hegel},
	author={Harris, Errol E.},
	year={1983},
}
@incollection{Maybee2020Hegels,
	booktitle={The Stanford Encyclopedia of Philosophy},
	edition={Winter 2020},
	publisher={Metaphysics Research Lab, Stanford University},
	address={Stanford, Calif.},
	title={Hegel’s Dialectics},
	url={https://plato.stanford.edu/archives/win2020/entries/hegel-dialectics/},
	author={Maybee, Julie E.},
	editor={Zalta, Edward N.},
	note={[Online; accessed 2023-01-09]},
	year={2020},
}
@book{Knight1964Risk,
	series={Reprints of Economic Classics},
	publisher={Augustus M. Kelley},
	address={New York},
	title={Risk, Uncertainty, and Profit},
	url={https://mises.org/library/risk-uncertainty-and-profit},
	author={Knight, Frank H},
	note={[Online; accessed 2023-01-09]},
	year={1964},
}
@book{Knight1921Risk,
	note={OCLC: 1410657},
	publisher={Houghton Mifflin Company},
	address={Boston; New York},
	title={Risk, Uncertainty and Profit},
	author={Knight, Frank H},
	year={1921},
}

