
@book{rothbard_man_2009,
	address = {Auburn AL},
	edition = {2},
	title = {Man, {Economy}, and {State}: {A} {Treatise} on {Economic} {Principles}; with {Power} and {Market}: {Government} and the {Economy}},
	shorttitle = {Man, {Economy}, and {State}},
	publisher = {Ludwig von Mises Institute},
	author = {Rothbard, Murray},
	year = {2009},
}

@book{hausman_economic_2006,
	address = {Cambridge [etc.]},
	edition = {2nd ed},
	title = {Economic {Analysis}, {Moral} {Philosophy}, and {Public} {Policy}},
	publisher = {Cambridge University Press},
	author = {Hausman, Daniel M. and McPherson, Michael S.},
	year = {2006},
}

@article{caplan_austrian_1999,
	title = {The {Austrian} {Search} for {Realistic} {Foundations}},
	volume = {65},
	url = {https://www.jstor.org/stable/1061278},
	doi = {10.2307/1061278},
	number = {4},
	urldate = {2024-04-16},
	journal = {Southern Economic Journal},
	author = {Caplan, Bryan},
	year = {1999},
	note = {Publisher: Southern Economic Association},
	pages = {823--838},
}

@article{herbener_pareto_1997,
	title = {The pareto rule and welfare economics},
	volume = {10},
	url = {https://doi.org/10.1007/BF02538144},
	doi = {10.1007/BF02538144},
	number = {1},
	urldate = {2024-04-16},
	journal = {The Review of Austrian Economics},
	author = {Herbener, Jeffrey M.},
	year = {1997},
	pages = {79--106},
}

@book{jurus_w_2012,
	address = {Kraków},
	title = {W poszukiwaniu podstaw libertarianizmu: w perspektywie rothbardowskiej koncepcji własności},
	shorttitle = {W poszukiwaniu podstaw libertarianizmu},
	publisher = {Księgarnia Akademicka},
	author = {Juruś, Dariusz},
	year = {2012},
}

@article{kvasnicka_rothbards_2008,
	title = {Rothbard's {Welfare} {Theory}: {A} {Critique}},
	volume = {4},
	shorttitle = {Rothbard's {Welfare} {Theory}},
	number = {1},
	journal = {New Perspectives on Political Economy},
	author = {Kvasnička, Michal},
	year = {2008},
	pages = {41--52},
}

@article{prychitko_formalism_1993,
	title = {Formalism in {Austrian}‐school welfare economics: {Another} pretense of knowledge?},
	volume = {7},
	shorttitle = {Formalism in {Austrian}‐school welfare economics},
	url = {http://www.tandfonline.com/doi/abs/10.1080/08913819308443319},
	doi = {10.1080/08913819308443319},
	number = {4},
	urldate = {2024-04-16},
	journal = {Critical Review},
	author = {Prychitko, David L.},
	year = {1993},
	pages = {567--592},
}

@incollection{rothbard_toward_2008,
	address = {Auburn AL},
	title = {Toward a {Reconstruction} of {Utility} and {Welfare} {Economics}},
	booktitle = {On {Freedom} and {Free} {Enterprise}},
	publisher = {Ludwig von Mises Institute},
	author = {Rothbard, Murray},
	editor = {Sennholz, Mary},
	year = {2008},
	pages = {224--262},
}

@incollection{rothbard_power_2009,
	address = {Auburn AL},
	edition = {2},
	title = {Power and the {Market}},
	booktitle = {Man, {Economy}, and {State}: {A} {Treatise} on {Economic} {Principles}; with {Power} and {Market}: {Government} and the {Economy}},
	publisher = {Ludwig von Mises Institute},
	author = {Rothbard, Murray},
	year = {2009},
	pages = {1047--1369},
}

@book{rothbard_for_2006,
	address = {Auburn AL},
	title = {For a {New} {Liberty}: {The} {Libertarian} {Manifesto}},
	publisher = {Ludwig von Mises Institute},
	author = {Rothbard, Murray},
	year = {2006},
}

@incollection{rothbard_praxeology_1976,
	address = {Kansas City},
	title = {Praxeology, {Value} {Judgements}, and {Public} {Policy}},
	url = {https://oll-resources.s3.us-east-2.amazonaws.com/oll3/store/titles/104/0724_Bk_Sm.pdf},
	urldate = {2024-04-16},
	booktitle = {The {Foundations} of {Modern} {Austrian} {Economics}},
	publisher = {Sheed and Ward},
	author = {Rothbard, Murray},
	editor = {Dolan, Edwin G.},
	year = {1976},
	pages = {89--111},
}

@book{rothbard_ethics_2002,
	address = {New York; London},
	title = {The {Ethics} of {Liberty}},
	publisher = {New York University Press},
	author = {Rothbard, Murray},
	collaborator = {Hoppe, Hans-Hermann},
	year = {2002},
}

@article{salerno_mises_1993,
	title = {Mises and {Hayek} dehomogenized},
	volume = {6},
	url = {http://link.springer.com/10.1007/BF00842707},
	doi = {10.1007/BF00842707},
	number = {2},
	urldate = {2024-04-16},
	journal = {The Review of Austrian Economics},
	author = {Salerno, Joseph T.},
	year = {1993},
	pages = {113--146},
}
