
@book{rothbard_man_1962,
	address = {Princeton; Toronto},
	title = {Man, {Economy} and {State}: {A} {Treatise} on {Economic} {Principles}},
	shorttitle = {Man, economy and state},
	publisher = {D. Van Nostrand},
	author = {Rothbard, Murray N.},
	year = {1962},
	note = {OCLC: 714253581},
}

@incollection{rothbard_praxeology:_1976,
	address = {Kansas City},
	title = {Praxeology: {The} methodology of {Austrian} economics},
	booktitle = {The {Foundations} of {Modern} {Austrian} {Economics}},
	publisher = {Sheed \& Ward},
	author = {Rothbard, Murray N.},
	editor = {Dolan, E.},
	year = {1976},
	note = {OCLC: 658089352},
	pages = {58--77},
}

@book{rothbard_man_2009_lin,
	address = {Auburn AL},
	edition = {2},
	title = {Man, {Economy}, and {State}: {A} {Treatise} on {Economic} {Principles}; with {Power} and {Market}: {Government} and the {Economy}},
	shorttitle = {Man, {Economy}, and {State}},
	publisher = {Ludwig von Mises Institute},
	author = {Rothbard, Murray N.},
	year = {2009},
}

@book{mises_human_1998,
	address = {Auburn AL},
	edition = {Scholar's ed.},
	title = {Human {Action}: {A} {Treatise} on {Economics}},
	shorttitle = {Human {Action}},
	publisher = {Ludwig von Mises Institute},
	author = {Mises, Ludwig von},
	year = {1998},
	note = {OCLC: ocm40712873},
}

@book{mises_epistemological_2003,
	address = {Auburn, Alabama},
	edition = {3\textsuperscript{rd}},
	title = {Epistemological {Problems} of {Economics} [1933]},
	url = {https://mises.org/library/epistemological-problems-economics},
	urldate = {2023-01-09},
	publisher = {Ludwig von Mises Institute},
	author = {Mises, Ludwig von},
	translator = {Reisman, George},
	year = {2003},
}

@incollection{kripke_naming_1972,
	address = {Dordrecht},
	series = {Synthese {Library}},
	title = {Naming and {Necessity}},
	url = {https://doi.org/10.1007/978-94-010-2557-7_9},
	urldate = {2023-01-12},
	booktitle = {Semantics of {Natural} {Language}},
	publisher = {Springer Netherlands},
	author = {Kripke, Saul A.},
	editor = {Davidson, Donald and Harman, Gilbert},
	year = {1972},
	doi = {10.1007/978-94-010-2557-7_9},
	pages = {253--355},
}

@article{carnap_empiricism_1950,
	title = {Empiricism, {Semantics}, and {Ontology}},
	volume = {4},
	url = {https://www.jstor.org/stable/23932367},
	number = {11},
	urldate = {2024-01-15},
	journal = {Revue Internationale de Philosophie},
	author = {Carnap, Rudolf},
	year = {1950},
	note = {Publisher: Revue Internationale de Philosophie},
	pages = {20--40},
}

@book{kripke_naming_1980,
	address = {Cambridge, Mass},
	title = {Naming and {Necessity} [1972]},
	publisher = {Harvard Univ. Press},
	author = {Kripke, Saul A.},
	year = {1980},
}

@book{warren_shadows_2020,
	address = {Oxford; New York},
	title = {Shadows of {Syntax}: {Revitalizing} {Logical} and {Mathematical} {Conventionalism}},
	shorttitle = {Shadows of {Syntax}},
	publisher = {Oxford University Press},
	author = {Warren, Jared},
	year = {2020},
}

@article{rothbard_praxeology_1951,
	title = {Praxeology: {Reply} to {Mr}. {Schuller}},
	volume = {41},
	shorttitle = {Praxeology},
	url = {https://www.jstor.org/stable/1809097},
	number = {5},
	urldate = {2024-08-06},
	journal = {The American Economic Review},
	author = {Rothbard, Murray N.},
	year = {1951},
	note = {Publisher: American Economic Association},
	pages = {943--946},
}

@book{rothbard_ethics_1998,
	address = {New York},
	title = {The {Ethics} of {Liberty}},
	publisher = {New York University Press},
	author = {Rothbard, Murray N.},
	year = {1998},
}

@misc{long_wittgenstein_2008,
	title = {Wittgenstein, {Austrian} {Economics}, and the {Logic} of {Action}: {Praxeological} {Investigations}},
	url = {http://praxeology.net/wiggy-draft.pdf},
	urldate = {2024-09-20},
	publisher = {Auburn University},
	author = {Long, Roderick T},
	year = {2008},
}

@book{mises_theory_2007,
	address = {Auburn AL},
	title = {Theory and {History}: {An} {Interpretation} of {Social} and {Economic} {Evolution}},
	shorttitle = {Theory and {History}},
	publisher = {Ludwig von Mises Institute},
	author = {Mises, Ludwig von},
	year = {2007},
}

@book{menger_grundsatze_1871,
	address = {Wien},
	title = {Grundsätze der {Volkswirtschaftslehre}},
	url = {https://oll.libertyfund.org/titles/menger-grundsatze-der-volkswirtschaftslehre},
	urldate = {2024-10-02},
	publisher = {Wilhelm Braumüller},
	author = {Menger, Carl},
	year = {1871},
}

@book{linsbichler_was_2017,
	address = {Basingstoke},
	title = {Was {Ludwig} von {Mises} a {Conventionalist}? {A} {New} {Analysis} of the {Epistemology} of the {Austrian} {School} of {Economics}},
	url = {http://link.springer.com/10.1007/978-3-319-46170-0},
	urldate = {2024-10-04},
	publisher = {Palgrave Macmillan},
	author = {Linsbichler, Alexander},
	year = {2017},
	doi = {10.1007/978-3-319-46170-0},
}

@book{mises_ultimate_1962,
	address = {Princeton, NJ},
	series = {William {Vilker} {Fund} {Series} in the {Humane} {Studies}},
	title = {The {Ultimate} of {Foundation} of {Economic} {Science}: {An} {Essay} on {Method}},
	shorttitle = {The {Ultimate} of {Foundation} of {Economic} {Science}},
	publisher = {Van Nostrand Comp},
	author = {Mises, Ludwig von},
	year = {1962},
}

@book{mises_ultimate_2012,
	address = {Mansfield},
	title = {The {Ultimate} {Foundation} of {Economic} {Science}: {An} {Essay} on {Method}},
	shorttitle = {The {Ultimate} {Foundation} of {Economic} {Science}},
	publisher = {Martino Fine Books},
	author = {Mises, Ludwig von},
	year = {2012},
}

@article{bylund_alexander_2023,
	title = {Alexander {Linsbichler}, {Was} {Ludwig} von {Mises} a {Conventionalist}? {A} {New} {Analysis} of the {Epistemology} of the {Austrian} {School} of {Economics}: {New} {York}: {Palgrave} {Macmillan}, 2017. x + {151Pages}. {USD} 69.99 (hardback)},
	volume = {36},
	shorttitle = {Alexander {Linsbichler}, {Was} {Ludwig} von {Mises} a {Conventionalist}?},
	url = {https://link.springer.com/10.1007/s11138-021-00559-4},
	doi = {10.1007/s11138-021-00559-4},
	number = {4},
	urldate = {2024-10-09},
	journal = {The Review of Austrian Economics},
	author = {Bylund, Per L.},
	year = {2023},
	pages = {611--615},
}

@article{caldwell_praxeology_1984,
	title = {Praxeology and its {Critics}: an {Appraisal}},
	volume = {16},
	shorttitle = {Praxeology and its {Critics}},
	url = {https://doi.org/10.1215/00182702-16-3-363},
	doi = {10.1215/00182702-16-3-363},
	number = {3},
	urldate = {2024-10-09},
	journal = {History of Political Economy},
	author = {Caldwell, Bruce J.},
	year = {1984},
	pages = {363--379},
}

@article{caldwell_skirmish_2009,
	title = {A skirmish in the {Popper} {Wars}: {Hutchison} versus {Caldwell} on {Hayek}, {Popper}, {Mises}, and methodology},
	volume = {16},
	shorttitle = {A skirmish in the {Popper} {Wars}},
	url = {http://www.tandfonline.com/doi/abs/10.1080/13501780903129306},
	doi = {10.1080/13501780903129306},
	number = {3},
	urldate = {2024-10-09},
	journal = {Journal of Economic Methodology},
	author = {Caldwell, Bruce J.},
	year = {2009},
	pages = {315--324},
}

@incollection{carnap_foundations_1955,
	address = {Chicago},
	title = {Foundations of {Logic} and {Mathematics}},
	booktitle = {Foundations of the {Unity} of {Science}. {Toward} an {International} {Encyclopedia} of {Unified} {Science}. {Volume} {I}},
	publisher = {University of Chicago Press},
	author = {Carnap, Rudolf},
	editor = {Neurath, Otto and Carnap, Rudolf and Morris, Charles},
	year = {1955},
	pages = {139--214},
}

@book{carnap_untersuchungen_2000,
	address = {Darmstadt},
	title = {Untersuchungen zur allgemeinen {Axiomatik}},
	publisher = {Wissenschaftliche Buchgesellschaft},
	author = {Carnap, Rudolf},
	year = {2000},
	note = {OCLC: 48451066},
}

@article{gordon_economics_1999,
	title = {\textit{{Economics} and reality} by {Tony} {Lawson}. {London} and {New} {York}: {Routledge}. 1997},
	volume = {2},
	url = {https://doi.org/10.1007/s12113-999-1018-7},
	doi = {10.1007/s12113-999-1018-7},
	number = {2},
	urldate = {2024-10-09},
	journal = {The Quarterly Journal of Austrian Economics},
	author = {Gordon, David},
	year = {1999},
	pages = {93--96},
}

@book{gordon_essential_2007,
	address = {Auburn, AL},
	title = {The {Essential} {Rothbard}},
	publisher = {The Ludvig von Mises Institute},
	author = {Gordon, David},
	year = {2007},
}

@book{gordon_who_2008,
	address = {Auburn, AL},
	title = {Who is {Murray} {Rothbard}?},
	publisher = {The Ludvig von Mises Institute},
	author = {Gordon, David},
	year = {2008},
}

@book{holcombe_advanced_2014,
	address = {Cheltenham Northampton},
	series = {Elgar advanced introduction},
	title = {Advanced {Introduction} to the {Austrian} {School} of {Economics}},
	publisher = {Edward Elgar},
	author = {Holcombe, Randall G.},
	year = {2014},
}

@article{hoyningen-huene_context_1987,
	title = {Context of discovery and context of justification},
	volume = {18},
	url = {https://www.sciencedirect.com/science/article/pii/0039368187900057},
	doi = {10.1016/0039-3681(87)90005-7},
	number = {4},
	urldate = {2024-10-09},
	journal = {Studies in History and Philosophy of Science Part A},
	author = {Hoyningen-Huene, Paul},
	year = {1987},
	pages = {501--515},
}

@article{jeffreys_nature_1938,
	title = {The {Nature} of {Mathematics}},
	volume = {5},
	url = {https://www.cambridge.org/core/journals/philosophy-of-science/article/abs/nature-of-mathematics/C46C642CD560664C93D92CA3F2962C06},
	doi = {10.1086/286524},
	number = {4},
	urldate = {2024-10-09},
	journal = {Philosophy of Science},
	author = {Jeffreys, Harold},
	year = {1938},
	pages = {434--451},
}

@article{lipski_austrian_2021,
	title = {Austrian economics without extreme apriorism: {A} critical reply},
	volume = {199},
	shorttitle = {Austrian economics without extreme apriorism},
	url = {https://doi.org/10.1007/s11229-021-03249-7},
	doi = {10.1007/s11229-021-03249-7},
	number = {3},
	urldate = {2024-10-09},
	journal = {Synthese},
	author = {Lipski, Jonas},
	year = {2021},
	pages = {10331--10341},
}

@article{linsbichler_austrian_2021,
	title = {Austrian economics without extreme apriorism: construing the fundamental axiom of praxeology as analytic},
	volume = {198},
	shorttitle = {Austrian economics without extreme apriorism},
	url = {https://doi.org/10.1007/s11229-019-02150-8},
	doi = {10.1007/s11229-019-02150-8},
	number = {14},
	urldate = {2024-10-09},
	journal = {Synthese},
	author = {Linsbichler, Alexander},
	year = {2021},
	pages = {3359--3390},
}

@article{linsbichler_sprachgeist_2021,
	title = {Sprachgeist and {Realisticness}: {The} {Troubled} {Relationship} between ({Austrian}) {Economics} and {Mathematics} {Revisited}},
	shorttitle = {Sprachgeist and {Realisticness}},
	url = {https://www.ssrn.com/abstract=3897919},
	doi = {10.2139/ssrn.3897919},
	urldate = {2024-10-09},
	journal = {SSRN Electronic Journal},
	author = {Linsbichler, Alexander},
	year = {2021},
}

@incollection{heilmann_philosophy_2021,
	address = {New York},
	title = {Philosophy of {Austrian} {Economics}},
	booktitle = {The {Routledge} {Handbook} of the {Philosophy} of {Economics}},
	publisher = {Routledge},
	author = {Linsbichler, Alexander},
	editor = {Heilmann, Conrad and Reiss, Julian},
	year = {2021},
	doi = {10.4324/9781315739793},
	pages = {169--185},
}

@article{linsbichler_philosophy_2021,
	title = {Philosophy of {Austrian} {Economics} – {Extended} {Cut}},
	url = {https://www.ssrn.com/abstract=3984295},
	doi = {10.2139/ssrn.3984295},
	urldate = {2024-10-09},
	journal = {SSRN Electronic Journal},
	author = {Linsbichler, Alexander},
	year = {2021},
}

@book{linsbichler_viel_2022,
	address = {Wien},
	edition = {1},
	title = {Viel mehr als nur {Ökonomie}: {Köpfe} und {Ideen} der {Österreichischen} {Schule} der {Nationalökonomie}},
	shorttitle = {Viel mehr als nur Ökonomie},
	publisher = {Böhlau Verlag},
	author = {Linsbichler, Alexander},
	year = {2022},
}

@article{linsbichler_otto_2021,
	title = {Otto {Neurath} and {Ludwig} von {Mises}: {Philosophy}, {Politics}, and {Economics} in {Viennese} {Late} {Enlightenment}},
	volume = {14},
	shorttitle = {Otto {Neurath} and {Ludwig} von {Mises}},
	url = {https://www.ejpe.org/journal/article/view/623},
	doi = {10.23941/ejpe.v14i2.623},
	number = {2},
	urldate = {2024-10-09},
	journal = {Erasmus Journal for Philosophy and Economics},
	author = {Linsbichler, Alexander},
	year = {2021},
	note = {Number: 2},
	pages = {202--208},
}

@article{linsbichler_case_2023,
	title = {The case against formal methods in ({Austrian}) economics: a partial defense of formalization as translation},
	volume = {30},
	shorttitle = {The case against formal methods in ({Austrian}) economics},
	url = {https://doi.org/10.1080/1350178X.2023.2202669},
	doi = {10.1080/1350178X.2023.2202669},
	number = {2},
	urldate = {2024-10-09},
	journal = {Journal of Economic Methodology},
	author = {Linsbichler, Alexander},
	year = {2023},
	note = {Publisher: Routledge
\_eprint: https://doi.org/10.1080/1350178X.2023.2202669},
	pages = {107--121},
}

@article{linsbichler_ultra-refined_2023,
	title = {An {Ultra}-{Refined} {Grammar} for {Interactions}: {Thoughts} on {Robert} {Aumann}’s {Philosophy} of {Game} {Theory}},
	volume = {74},
	shorttitle = {An {Ultra}-{Refined} {Grammar} for {Interactions}},
	url = {https://shs.cairn.info/revue-economique-2023-4-page-635},
	doi = {10.3917/reco.744.0635},
	number = {4},
	urldate = {2024-10-09},
	journal = {Revue Economique},
	author = {Linsbichler, Alexander},
	year = {2023},
	note = {Publisher: Presses de Sciences Po},
	pages = {635--650},
}

@incollection{dambock_factvalue_2024,
	address = {Heidelberg},
	title = {The fact/value dichotomy as an alleged thought-stopper},
	booktitle = {Rudolf {Carnap} {Handbuch}},
	publisher = {Metzler Verlag, forthcoming},
	author = {Linsbichler, Alexander},
	editor = {Dambock, Christian and Schiemer, Georg},
	year = {2024},
}

@incollection{milford_abkopplung_1997,
	address = {Marburg},
	title = {Die {Abkopplung} der Ökonomie an der {Universität} {Wien} nach 1920.},
	booktitle = {Zur deutschsprachigen wirtschaftswissenschaftlichen {Emigration} nach 1933},
	publisher = {Metropolis},
	author = {Milford, Karl and Rosner, Peter},
	editor = {Hagemann, H.},
	year = {1997},
	note = {Type: gedruckt},
	pages = {479--502},
}

@book{mises_nationalokonomie_1940,
	address = {Genf},
	title = {Nationalökonomie. {Theorie} des {Handelns} und {Wirtschaftens}},
	url = {https://cdn.mises.org/Nationalokonomie%20Theorie%20des%20Handelns%20und%20Wirtschaftens_2.pdf},
	urldate = {2024-10-09},
	publisher = {Editions Union},
	author = {Mises, Ludwig von},
	year = {1940},
}

@book{mises_my_1976,
	address = {Arlington House},
	title = {My years with {Ludwig} von {Mises}},
	url = {http://archive.org/details/myyearswithludwi00vonm},
	urldate = {2024-10-09},
	publisher = {New Rochelle, NY},
	author = {Mises, Margít von},
	year = {1976},
}

@book{neurath_foundations_1970,
	address = {Chicago},
	title = {Foundations of the {Unity} of {Science}: {Toward} an {International} {Encyclopedia} of {Unified} {Science}},
	shorttitle = {Foundations of the {Unity} of {Science}},
	url = {http://archive.org/details/foundationsofuni0000unse_k8w0},
	urldate = {2024-10-09},
	publisher = {University of Chicago Press},
	author = {Neurath, Otto},
	editor = {Neurath, Otto and Carnap, Rudolf and Morris, Charles},
	year = {1970},
}

@incollection{Foundations1970,
  author       = {Neurath, Otto},
  title        = {Foundations of the {Social} {Sciences} [1944]},
  booktitle    = {Foundations of the Unity of Science: Toward an International Encyclopedia of Unified Science},
  editor       = {Neurath, Otto and Carnap, Rudolf and Morris, Charles},
  year         = {1970},
  originalyear = {1944},
  publisher    = {The University of Chicago Press},
  address      = {Chicago},
  pages        = {1--52}
}




@article{oliva_cordoba_uneasiness_2017,
	title = {Uneasiness and {Scarcity}: {An} {Analytic} {Approach} {Towards} {Ludwig} von {Mises}’s {Praxeology}},
	volume = {27},
	shorttitle = {Uneasiness and {Scarcity}},
	url = {http://link.springer.com/10.1007/s10516-017-9352-4},
	doi = {10.1007/s10516-017-9352-4},
	number = {5},
	urldate = {2024-10-09},
	journal = {Axiomathes},
	author = {Oliva Córdoba, Michael},
	year = {2017},
	pages = {521--529},
}

@book{popper_two_2009,
	address = {London; New York},
	series = {Routledge classics},
	title = {The {Two} {Fundamental} {Problems} of the {Theory} of {Knowledge} [1930]},
	publisher = {Routledge},
	author = {Popper, Karl R.},
	editor = {Hansen, Troels Eggers},
	translator = {Pickel, Andreas},
	year = {2009},
}

@book{reichenbach_experience_1938,
	address = {Chicago, IL},
	series = {Books for college libraries},
	title = {Experience and {Prediction} an {Analysis} of the {Foundations} and the {Structure} of {Knowledge}, by {Hans} {Reichenbach} ..},
	url = {http://books.google.com/books?id=K64kAQAAMAAJ},
	urldate = {2024-10-09},
	publisher = {The University of Chicago Press},
	author = {Reichenbach, Hans},
	year = {1938},
}

@misc{rockwell__jr_murray_2010,
	title = {Murray {N}. {Rothbard}: {A} {Legacy} of {Liberty}},
	shorttitle = {Murray {N}. {Rothbard}},
	url = {https://mises.org/articles-interest/murray-n-rothbard-legacy-liberty},
	urldate = {2024-10-09},
	publisher = {The Ludvig von Mises Institute},
	author = {Rockwell  Jr., Llewellyn H.},
	year = {2010},
}

@article{rothbard_mises_1951,
	title = {Mises' "{Human} {Action}": {Comment}},
	volume = {41},
	shorttitle = {Mises' "{Human} {Action}"},
	url = {https://www.jstor.org/stable/1815976},
	number = {1},
	urldate = {2024-10-09},
	journal = {The American Economic Review},
	author = {Rothbard, Murray N.},
	year = {1951},
	note = {Publisher: American Economic Association},
	pages = {181--185},
}

@article{rothbard_defense_1957,
	title = {In {Defense} of "{Extreme} {Apriorism}"},
	volume = {23},
	url = {https://www.jstor.org/stable/1054221?origin=crossref},
	doi = {10.2307/1054221},
	number = {3},
	urldate = {2024-10-09},
	journal = {Southern Economic Journal},
	author = {Rothbard, Murray N.},
	year = {1957},
	pages = {314--320},
}

@book{rothbard_panic_1962,
	address = {New York},
	title = {The {Panic} of 1819 – {Reactions} and {Policies}},
	url = {https://libertyme-library.s3.amazonaws.com/Murray+N+Rothbard/The+Panic+of+1819+Reactions+and+Policies.pdf},
	urldate = {2024-10-09},
	publisher = {Columbia University Press},
	author = {Rothbard, Murray N.},
	year = {1962},
}

@book{rothbard_panic_2007,
	address = {Auburn, AL},
	title = {The {Panic} of 1819 – {Reactions} and {Policies}},
	url = {https://libertyme-library.s3.amazonaws.com/Murray+N+Rothbard/The+Panic+of+1819+Reactions+and+Policies.pdf},
	urldate = {2024-10-09},
	publisher = {The Ludvig von Mises Institute},
	author = {Rothbard, Murray N.},
	year = {2007},
}

@incollection{mises_preface_2007,
	address = {Auburn, AL},
	title = {Preface [1985]},
	booktitle = {Theory and {History}: {An} {Interpretation} of {Social} and {Economic} {Evolution}},
	publisher = {Ludwig von Mises Institute},
	author = {Rothbard, Murray N.},
	collaborator = {Mises, Ludwig von},
	year = {2007},
	pages = {xi--xix},
}

@article{rothbard_hermeneutical_1989,
	title = {The hermeneutical invasion of philosophy and economics},
	volume = {3},
	url = {https://doi.org/10.1007/BF01539557},
	doi = {10.1007/BF01539557},
	number = {1},
	urldate = {2024-10-11},
	journal = {The Review of Austrian Economics},
	author = {Rothbard, Murray N.},
	year = {1989},
	pages = {45--59},
}

@article{rothbard_origins_1996,
	title = {Origins of the {Welfare} {State} in {America}},
	volume = {12},
	number = {2},
	journal = {Journal of Libertarian Studies},
	author = {Rothbard, Murray N.},
	year = {1996},
	note = {Publisher: Ludwig von Mises Institute},
	pages = {193--232},
}

@book{rothbard_history_2020,
	address = {Auburn, AL},
	title = {A {History} of {Money} and {Banking} in the {United} {States}: {The} {Colonial} {Era} to {World} {War} {II}},
	shorttitle = {A {History} of {Money} and {Banking} in the {United} {States}},
	publisher = {The Ludvig von Mises Institute},
	author = {Rothbard, Murray N.},
	year = {2002},
}

@article{scheall_hayek_2015,
	title = {Hayek the {Apriorist}?},
	volume = {37},
	url = {http://www.scopus.com/inward/record.url?scp=84959499095&partnerID=8YFLogxK},
	doi = {10.1017/S1053837214000765},
	number = {1},
	urldate = {2024-10-11},
	journal = {Journal of the History of Economic Thought},
	author = {Scheall, Scott},
	year = {2015},
	pages = {87--110},
}

@article{scheall_what_2017,
	title = {What is extreme about {Mises}’s extreme apriorism?},
	volume = {24},
	url = {https://doi.org/10.1080/1350178X.2017.1356439},
	doi = {10.1080/1350178X.2017.1356439},
	number = {3},
	urldate = {2024-10-11},
	journal = {Journal of Economic Methodology},
	author = {Scheall, Scott},
	year = {2017},
	note = {Publisher: Routledge
\_eprint: https://doi.org/10.1080/1350178X.2017.1356439},
	pages = {226--249},
}

@article{scheall_review_2017,
	title = {Review of {Alexander} {Linsbichler}’s {Was} {Ludwig} von {Mises} a {Conventionalist}? {A} {New} {Analysis} of the {Epistemology} of the {Austrian} {School} of {Economics}. {London}: {Palgrave} {Macmillan}, 2017, ix + 151 pp.},
	volume = {10},
	shorttitle = {Review of {Alexander} {Linsbichler}’s {Was} {Ludwig} von {Mises} a {Conventionalist}?},
	url = {https://ejpe.org/journal/article/view/312},
	doi = {10.23941/ejpe.v10i2.312},
	number = {2},
	urldate = {2024-10-11},
	journal = {Erasmus Journal for Philosophy and Economics},
	author = {Scheall, Scott},
	year = {2017},
	note = {Number: 2},
	pages = {110--115},
}

@book{rothbard_war_2012,
	address = {Auburn, Alabama},
	title = {War {Collectivism}: {Power}, {Business}, and the {Intellectual} {Class} in {World} {War} {I}},
	shorttitle = {War {Collectivism}},
	url = {https://mises.org/library/war-collectivism},
	urldate = {2024-10-11},
	publisher = {Ludwig von Mises Institute},
	author = {Rothbard, Murray N.},
	year = {2012},
	note = {OCLC: 944455039},
}

@unpublished{scheall_vacuity_2023,
	address = {PhilArchive},
	title = {The {Vacuity} of {Ludwig} von {Mises}'s {Apriorism}},
	shorttitle = {The {Vacuity} of {Ludwig} von {Mises}?},
	url = {https://philarchive.org/rec/SCHTVO-33},
	urldate = {2024-10-11},
	author = {Scheall, Scott},
	year = {2023},
}

@article{schweinzer_two_2000,
	title = {Two {Competing} {Paradigms} in {Austrian} {Economic} {Theory}},
	volume = {16},
	number = {59},
	journal = {Notizie di Politeia},
	author = {Schweinzer, Paul},
	year = {2000},
	pages = {44--66},
}

@misc{scheall_rise_2024,
	title = {The {Rise}, {Fall}, and {Strange} {Resilience} of the {Greater} {Certainty} {Thesis} in {Economics}},
	publisher = {unpublished manuscript},
	author = {Scheall, Scott and Linsbichler, Alexander},
	year = {2024},
}

@book{soames_understanding_1999,
	address = {Oxford; New York},
	edition = {1},
	title = {Understanding {Truth}},
	url = {https://academic.oup.com/book/12444},
	urldate = {2024-10-11},
	publisher = {Oxford University Press},
	author = {Soames, Scott},
	year = {1999},
	doi = {10.1093/0195123352.001.0001},
}

@article{taghizadegan_praxeology_2015,
	title = {Praxeology of {Coercion}: {Catallactics} vs. {Cratics}},
	volume = {18},
	shorttitle = {Praxeology of {Coercion}},
	url = {https://go.gale.com/ps/i.do?p=AONE&sw=w&issn=10983708&v=2.1&it=r&id=GALE%7CA452290399&sid=googleScholar&linkaccess=abs},
	number = {3},
	urldate = {2024-10-11},
	journal = {The Quarterly Journal of Austrian Economics},
	author = {Taghizadegan, Rahim and Otto, Marc-Felix},
	year = {2015},
	note = {Publisher: Ludwig von Mises Institute},
	pages = {294--311},
}

@inproceedings{tokumaru_poppers_2009,
	address = {Dordrecht},
	title = {Popper's {Analysis} of the {Problems} of {Induction} and {Demarcation} and {Mises}' {Justification} of the {Theoretical} {Social} {Sciences}},
	doi = {10.1007/978-1-4020-9338-8_13},
	booktitle = {Rethinking {Popper}},
	publisher = {Springer Netherlands},
	author = {Tokumaru, Natsuka},
	editor = {Parusniková, Zuzana and Cohen, Robert S.},
	year = {2009},
	pages = {161--174},
}

@article{tokumaru_wiesers_2015,
	title = {Wieser’s {Unity} of {Thought}},
	volume = {37},
	url = {https://www.cambridge.org/core/journals/journal-of-the-history-of-economic-thought/article/abs/wiesers-unity-of-thought/E1E4203C04BA721743862737183C4862},
	doi = {10.1017/S1053837215000486},
	number = {4},
	urldate = {2024-10-11},
	journal = {Journal of the History of Economic Thought},
	author = {Tokumaru, Natsuka},
	year = {2015},
	pages = {583--596},
}

@article{tokumaru_review_2018,
	title = {Review of {Was} {Ludwig} von {Mises} a {Conventionalist}?: {A} {New} {Analysis} of the {Epistemology} of the {Austrian} {School} of {Economics}},
	volume = {26},
	shorttitle = {Review of {Was} {Ludwig} von {Mises} a {Conventionalist}?},
	url = {https://www.jstor.org/stable/48538006},
	number = {2},
	urldate = {2024-10-11},
	journal = {History of Economic Ideas},
	author = {Tokumaru, Natsuka},
	year = {2018},
	note = {Publisher: Accademia Editoriale},
	pages = {168--169},
}

@book{white_methodology_2003,
	address = {Auburn, AL},
	title = {The {Methodology} of the {Austrian} {School} {Economists} [1977]},
	publisher = {The Ludvig von Mises Institute},
	author = {White, Lawrence H},
	year = {2003},
}

@book{white_methodology_1977,
	address = {New York},
	title = {The {Methodology} of the {Austrian} {School} {Economists}},
	publisher = {Center for Libertarian Studies},
	author = {White, Lawrence H},
	year = {1977},
}

@book{wieser_uber_1884,
	title = {Über den {Ursprung} und die {Hauptgesetze} des wirtschaftlichen {Werthes}},
	publisher = {Alfred Hölder},
	author = {Wieser, Friedrich Freiherr von},
	year = {1884},
	note = {Google-Books-ID: FzItAAAAYAAJ},
}

@misc{zanotti_can_2022,
	title = {Can {Mises} be {Reconstructed} {Following} {Lakatos}? {Yes}. {Does} it {Mean} {Mises} is a {Conventionalist}? {No}},
	publisher = {unpublished manuscript},
	author = {Zanotti, Gabriel J. and Borella, Agustina and Cachanosky, Nicolás},
	year = {2022},
}

@article{zanotti_hermeneutics_2023,
	title = {Hermeneutics and phenomenology in the social sciences: {Lessons} from the {Austrian} school of economics case},
	volume = {36},
	shorttitle = {Hermeneutics and phenomenology in the social sciences},
	url = {https://link.springer.com/10.1007/s11138-021-00548-7},
	doi = {10.1007/s11138-021-00548-7},
	number = {3},
	urldate = {2024-10-11},
	journal = {The Review of Austrian Economics},
	author = {Zanotti, Gabriel J. and Borella, Agustina and Cachanosky, Nicolás},
	year = {2023},
	pages = {403--415},
}

@book{zilian_klarheit_1990,
	address = {Amsterdam},
	series = {Studien zur österreichischen {Philosophie}},
	title = {Klarheit und {Methode}: {Felix} {Kaufmanns} {Wissenschaftstheorie}},
	shorttitle = {Klarheit und {Methode}},
	number = {16},
	publisher = {Rodopi},
	author = {Zilian, H. G.},
	year = {1990},
}

@book{przelecki_logic_1969,
	address = {London},
	series = {Monographs in modern logic series},
	title = {The {Logic} of {Empirical} {Theories}},
	publisher = {Routledge \& K. Paul},
	author = {Przelecki, Marian},
	year = {1969},
}

@book{rothbard_americas_1963,
	address = {Princeton, NJ},
	title = {America's {Great} {Depression}},
	publisher = {Van Nostrand},
	author = {Rothbard, Murray N.},
	year = {1963},
	note = {OCLC: 173706},
}

@book{rothbard_americas_2000_lin, 
  address    = {Auburn, AL},
  edition    = {5},
  title      = {America's {Great} {Depression} [1963]},
  publisher  = {The Ludwig von Mises Institute},
  author     = {Rothbard, Murray N.},
  year       = {2000},
}




@book{rothbard_conceived_2011,
	address = {Auburn, AL},
	title = {Conceived in {Liberty}},
	url = {https://cdn.mises.org/conceived_in_liberty_i-iv.pdf},
	publisher = {The Ludvig von Mises Institute},
	author = {Rothbard, Murray N.},
	year = {2011},
	series     = {\emph{Five Volumes}},
	note = {OCLC: 810280385},
}

@book{rothbard_conceived_1975,
	address = {New Rochelle, NY},
	title = {Conceived in {Liberty}},
	publisher = {Arlington House Publishers},
	author = {Rothbard, Murray N.},
	year = {1975},
	note = {OCLC: 319680159},
}

@incollection{rothbard_praxeology_2011,
	address = {Auburn AL},
	title = {Praxeology as the {Method} of the {Social} {Sciences} [1963]},
	booktitle = {Economic {Controversies}},
	publisher = {Ludwig von Mises Institute},
	author = {Rothbard, Murray N.},
	year = {2011},
	note = {OCLC: 733352273},
	pages = {29--58},
}

@book{neurath_foundations_1944,
	address = {Chicago},
	title = {Foundations of the {Unity} of {Science}: {Toward} an {International} {Encyclopedia} of {Unified} {Science}},
	shorttitle = {Foundations of the {Unity} of {Science}},
	url = {https://archive.org/details/foundationsofuni0002otto},
	urldate = {2024-10-12},
	publisher = {University of Chicago Press},
	author = {Neurath, Otto},
	year = {1944},
	note = {OCLC: 1413389665},
}

@article{Scheall2024,
  author       = {Scheall, Scott},
  title        = {The Vacuity of Ludwig von Mises’s Apriorism},
  journal      = {Journal of the History of Economic Thought},
  year         = {2024},
  pages        = {1--16},
  doi          = {10.1017/S1053837224000178}
}

@article{Scheall2017a,
  author       = {Scheall, Scott},
  title        = {What is so extreme about Mises’s extreme apriorism?},
  journal      = {Journal of Economic Methodology},
  year         = {2017},
  volume       = {24},
  number       = {3},
  pages        = {226--249},
  doi          = {10.1080/1350178X.2017.1358522}
}

@incollection{Linsbichler2024b,
  author       = {Linsbichler, Alexander},
  title        = {Rational Reconstructions},
  booktitle    = {Methods in the {Philosophy} of {Science}. {A} {User's} {Guide}},
  editor       = {Currie, Adrian and Veigl, Stefan},
  year         = {2024},
  publisher    = {MIT Press},
  address      = {Cambridge},
  pages        = {125--143, forthcoming}
}

@incollection{Streissler2000,
  author       = {Streissler, Erich},
  title        = {Wirtschaftliche Entscheidungstheorie als Angelpunkt der {\"O}sterreichischen Schule der National{\"o}konomie},
  booktitle    = {Geschichte der {\"O}sterreichischen Humanwissenschaften. Band 3.2: Menschliches Verhalten und gesellschaftliche Institutionen: Wirtschaft, Politik und Recht},
  editor       = {Acham, Karl},
  year         = {2000},
  publisher    = {Passagen},
  address      = {Wien},
  pages        = {79--124}
}


